35.164913177490234,139.61672973632812,11.385,29.0,1722032248825
35.1649169921875,139.61671447753906,10.844,29.0,1722032362892
35.16492462158203,139.61671447753906,10.334,29.2,1722032563713
35.16493225097656,139.61669921875,10.198,29.2,1722032839858
35.164939880371094,139.61669921875,9.897,29.4,1722033170760
35.164947509765625,139.61669921875,10.24,30.0,1722033518086
35.16500473022461,139.6167755126953,6.691,29.0,1722034800429
35.16500473022461,139.61676025390625,6.806,29.0,1722034800711
35.16501235961914,139.61676025390625,6.972,29.0,1722034801689
35.16501998901367,139.6167449951172,6.931,29.0,1722034803722
35.16502380371094,139.6167449951172,7.18,28.8,1722034816732
35.16503143310547,139.6167449951172,7.16,28.8,1722034826747
35.16501998901367,139.61676025390625,9.73,28.8,1722034845772
35.165016174316406,139.61676025390625,9.969,28.8,1722034846771
35.16500473022461,139.61676025390625,10.053,28.8,1722034851774
35.16499710083008,139.61676025390625,8.346,28.8,1722035060696
35.16498947143555,139.6167449951172,7.992,29.0,1722035062370
35.16498947143555,139.61666870117188,8.055,29.0,1722035070984
35.165000915527344,139.61663818359375,9.72,29.0,1722035074755
35.165008544921875,139.6166229248047,10.24,29.0,1722035076718
35.165016174316406,139.61660766601562,10.521,29.0,1722035078716
35.1650276184082,139.61659240722656,10.563,29.0,1722035080715
35.165035247802734,139.6165771484375,10.438,29.0,1722035082719
35.16504669189453,139.61656188964844,10.386,29.0,1722035084727
35.16505813598633,139.61654663085938,10.396,29.0,1722035086728
35.16506576538086,139.61654663085938,10.417,29.0,1722035087727
35.165069580078125,139.6165313720703,10.292,28.8,1722035088722
35.16508102416992,139.61651611328125,10.188,28.8,1722035090712
35.16509246826172,139.6165008544922,10.323,28.8,1722035092706
35.16510009765625,139.6165008544922,10.334,29.0,1722035094680
35.165096282958984,139.61648559570312,10.302,28.8,1722035099745
35.165103912353516,139.61647033691406,10.188,29.0,1722035101721
35.16511154174805,139.616455078125,10.25,29.0,1722035103775
35.16511917114258,139.61643981933594,10.198,29.0,1722035105684
35.16512680053711,139.61642456054688,10.094,29.0,1722035107738
35.165130615234375,139.6164093017578,9.855,29.0,1722035108716
35.165130615234375,139.61639404296875,9.772,29.0,1722035109757
35.16513442993164,139.6163787841797,9.688,29.0,1722035110730
35.165138244628906,139.6163787841797,9.668,29.0,1722035111707
35.165138244628906,139.61636352539062,9.459,29.0,1722035112720
35.16514205932617,139.61634826660156,9.241,29.0,1722035113745
35.16514587402344,139.6163330078125,9.064,29.0,1722035114750
35.16514587402344,139.61631774902344,8.908,29.0,1722035115778
35.1651496887207,139.61630249023438,8.71,29.0,1722035116750
35.1651496887207,139.61630249023438,8.471,29.0,1722035117769
35.1651496887207,139.6162872314453,8.242,28.8,1722035118719
35.16515350341797,139.61627197265625,8.055,28.8,1722035119699
35.165157318115234,139.6162567138672,7.95,28.8,1722035120755
35.165157318115234,139.61624145507812,7.888,29.0,1722035121732
35.165157318115234,139.61622619628906,7.784,29.0,1722035122713
35.1651611328125,139.6162109375,7.742,29.0,1722035123689
35.1651611328125,139.61619567871094,7.597,28.8,1722035124736
35.1651611328125,139.61618041992188,7.982,28.8,1722035125720
35.1651611328125,139.6161651611328,7.722,28.8,1722035126697
35.1651611328125,139.6161651611328,7.597,28.8,1722035127758
35.165164947509766,139.61614990234375,7.784,28.8,1722035128731
35.165164947509766,139.6161346435547,7.753,28.8,1722035129707
35.165164947509766,139.61611938476562,7.857,29.0,1722035130762
35.165164947509766,139.61610412597656,7.846,29.0,1722035131741
35.165164947509766,139.6160888671875,7.898,29.0,1722035132756
35.16516876220703,139.61607360839844,8.148,28.8,1722035133707
35.165164947509766,139.61605834960938,8.096,28.8,1722035134766
35.165164947509766,139.6160430908203,8.242,28.8,1722035135736
35.165164947509766,139.61602783203125,8.367,28.8,1722035136720
35.165164947509766,139.6160125732422,8.512,28.8,1722035137697
35.165164947509766,139.6160125732422,8.502,28.8,1722035138707
35.1651611328125,139.61599731445312,8.825,28.8,1722035139739
35.165157318115234,139.61598205566406,9.074,28.8,1722035140744
35.16515350341797,139.615966796875,8.991,28.8,1722035141677
35.16515350341797,139.61595153808594,9.647,28.8,1722035142773
35.1651496887207,139.61593627929688,9.397,28.8,1722035143754
35.1651496887207,139.6159210205078,9.886,28.8,1722035144759
35.16514587402344,139.6159210205078,9.647,28.8,1722035145719
35.16514205932617,139.61590576171875,9.949,28.8,1722035146725
35.16513442993164,139.6158905029297,9.98,28.8,1722035147771
35.16512680053711,139.61587524414062,9.678,28.8,1722035148709
35.165122985839844,139.61585998535156,10.115,28.8,1722035149686
35.16511917114258,139.6158447265625,9.928,28.8,1722035150752
35.16511535644531,139.61582946777344,9.949,28.8,1722035151715
35.16511154174805,139.61581420898438,10.073,28.8,1722035152707
35.165103912353516,139.6157989501953,10.136,28.8,1722035153685
35.165103912353516,139.6157989501953,10.146,28.8,1722035154750
35.165096282958984,139.61578369140625,10.23,28.8,1722035155775
35.16509246826172,139.6157684326172,10.396,28.8,1722035156744
35.16508483886719,139.61575317382812,10.542,28.8,1722035157743
35.16508102416992,139.61573791503906,10.271,28.8,1722035158742
35.165077209472656,139.61573791503906,10.625,28.8,1722035159755
35.165069580078125,139.61572265625,10.459,28.8,1722035160747
35.16506576538086,139.61570739746094,10.74,28.8,1722035161752
35.16506576538086,139.61569213867188,10.615,28.8,1722035162703
35.165061950683594,139.61569213867188,10.687,28.8,1722035163768
35.165061950683594,139.6156768798828,10.74,28.8,1722035164710
35.165061950683594,139.61566162109375,10.823,28.8,1722035165722
35.165061950683594,139.6156463623047,10.75,28.8,1722035166738
35.165061950683594,139.61563110351562,10.792,28.8,1722035167763
35.16506576538086,139.61561584472656,10.979,28.8,1722035168696
35.16506576538086,139.6156005859375,10.864,28.8,1722035169720
35.16506576538086,139.61558532714844,10.958,28.8,1722035170772
35.16506576538086,139.61557006835938,10.896,28.8,1722035171678
35.16506576538086,139.61553955078125,10.968,28.8,1722035172697
35.165069580078125,139.6155242919922,11.239,28.8,1722035173723
35.165069580078125,139.61550903320312,10.885,28.8,1722035174670
35.16507339477539,139.61549377441406,11.156,28.8,1722035175778
35.16507339477539,139.615478515625,11.093,28.8,1722035176749
35.165077209472656,139.61546325683594,11.135,28.8,1722035177699
35.165077209472656,139.61546325683594,11.083,28.8,1722035178732
35.165077209472656,139.61544799804688,11.187,28.8,1722035179698
35.165077209472656,139.6154327392578,11.478,28.8,1722035180746
35.165077209472656,139.61541748046875,11.312,28.8,1722035181723
35.16507339477539,139.61541748046875,11.291,28.8,1722035182759
35.165069580078125,139.6154022216797,11.27,28.8,1722035183716
35.165061950683594,139.61538696289062,11.302,28.6,1722035184758
35.16505813598633,139.61537170410156,11.333,28.6,1722035185735
35.16505432128906,139.61537170410156,11.697,28.6,1722035186716
35.1650505065918,139.6153564453125,11.364,28.6,1722035187793
35.1650390625,139.61534118652344,11.739,28.6,1722035189727
35.16503143310547,139.61532592773438,11.593,28.4,1722035191746
35.16502380371094,139.6153106689453,11.614,28.2,1722035193725
35.165016174316406,139.6153106689453,11.603,28.2,1722035195746
35.16501235961914,139.61529541015625,11.687,28.0,1722035197692
35.165008544921875,139.6152801513672,11.749,28.0,1722035199738
35.16500473022461,139.61526489257812,11.916,28.0,1722035201715
35.165000915527344,139.61524963378906,11.874,27.8,1722035204765
35.16499710083008,139.615234375,11.895,27.8,1722035207717
35.16499710083008,139.615234375,11.916,27.8,1722035210672
35.165000915527344,139.61521911621094,12.061,27.8,1722035215730
35.16500473022461,139.61520385742188,11.978,28.0,1722035218714
35.16501235961914,139.6151885986328,11.968,28.0,1722035221791
35.16501235961914,139.61517333984375,12.009,28.2,1722035236751
35.165016174316406,139.61517333984375,11.957,28.2,1722035248712
35.16502380371094,139.6151580810547,11.156,28.0,1722035286724
35.16503143310547,139.61512756347656,10.417,28.0,1722035288762
35.165035247802734,139.61512756347656,10.583,28.0,1722035289758
35.1650390625,139.6151123046875,10.292,28.0,1722035290678
35.165042877197266,139.61509704589844,10.23,28.0,1722035291754
35.1650505065918,139.61508178710938,10.334,28.0,1722035292742
35.16505432128906,139.61505126953125,10.053,28.0,1722035293735
35.16505813598633,139.6150360107422,10.167,28.0,1722035294762
35.165061950683594,139.61502075195312,10.386,28.0,1722035295725
35.16506576538086,139.61500549316406,10.625,28.0,1722035296719
35.16506576538086,139.61500549316406,10.792,28.0,1722035297726
35.16506576538086,139.614990234375,10.896,28.0,1722035298743
35.165069580078125,139.61497497558594,10.646,28.0,1722035299754
35.165069580078125,139.61495971679688,10.958,28.0,1722035300764
35.165069580078125,139.6149444580078,10.823,28.0,1722035301705
35.16506576538086,139.61492919921875,10.864,28.0,1722035302722
35.16506576538086,139.6149139404297,11.052,28.0,1722035303758
35.165061950683594,139.61489868164062,10.937,28.0,1722035304686
35.165061950683594,139.61488342285156,11.458,28.0,1722035305718
35.165061950683594,139.61488342285156,11.218,28.0,1722035306759
35.165061950683594,139.6148681640625,12.061,27.8,1722035307731
35.165061950683594,139.61485290527344,12.082,27.8,1722035308730
35.165061950683594,139.61483764648438,12.405,27.8,1722035309735
35.165061950683594,139.6148223876953,12.509,28.0,1722035310685
35.165061950683594,139.61480712890625,12.55,28.0,1722035311707
35.16505813598633,139.6147918701172,12.561,28.0,1722035312737
35.16505813598633,139.61477661132812,12.602,28.0,1722035313676
35.16505813598633,139.61476135253906,12.779,28.0,1722035314713
35.16505432128906,139.61474609375,12.602,28.0,1722035315752
35.1650505065918,139.61473083496094,12.758,28.0,1722035316787
35.1650505065918,139.61471557617188,12.696,28.0,1722035317747
35.16504669189453,139.6147003173828,12.675,28.0,1722035318782
35.165042877197266,139.61468505859375,12.623,28.0,1722035319736
35.165042877197266,139.6146697998047,12.904,28.0,1722035320686
35.165042877197266,139.61465454101562,12.623,28.0,1722035321726
35.165042877197266,139.61463928222656,12.873,28.0,1722035322698
35.165042877197266,139.6146240234375,12.831,28.0,1722035323721
35.165042877197266,139.6146240234375,12.821,28.0,1722035324771
35.165042877197266,139.61460876464844,12.904,28.0,1722035325724
35.165042877197266,139.61459350585938,12.915,28.0,1722035326774
35.165042877197266,139.6145782470703,13.008,28.0,1722035327726
35.16504669189453,139.61456298828125,12.977,28.2,1722035328781
35.165042877197266,139.6145477294922,12.873,28.2,1722035329738
35.165042877197266,139.61453247070312,13.102,28.2,1722035330719
35.165042877197266,139.61453247070312,12.779,28.2,1722035331755
35.165042877197266,139.61451721191406,13.092,28.2,1722035332760
35.165042877197266,139.614501953125,12.904,28.2,1722035333770
35.1650390625,139.61448669433594,12.956,28.2,1722035334719
35.1650390625,139.61447143554688,13.05,28.2,1722035335681
35.1650390625,139.6144561767578,12.977,28.2,1722035336724
35.165035247802734,139.61444091796875,13.144,28.2,1722035337700
35.165035247802734,139.6144256591797,12.883,28.2,1722035338740
35.165035247802734,139.61441040039062,13.071,28.2,1722035339704
35.1650276184082,139.61439514160156,12.79,28.2,1722035340757
35.16502380371094,139.6143798828125,13.154,28.2,1722035341717
35.16502380371094,139.61436462402344,12.863,28.2,1722035342677
35.16501998901367,139.61434936523438,12.935,28.4,1722035343717
35.16501998901367,139.61434936523438,12.821,28.4,1722035344761
35.16501235961914,139.6143341064453,12.821,28.4,1722035345721
35.165008544921875,139.61431884765625,13.05,28.4,1722035346776
35.16500473022461,139.6143035888672,12.717,28.4,1722035347724
35.16499710083008,139.6143035888672,12.894,28.4,1722035348773
35.16498947143555,139.61428833007812,12.8,28.4,1722035349723
35.164981842041016,139.61427307128906,12.696,28.4,1722035350679
35.16497802734375,139.61427307128906,12.758,28.4,1722035351742
35.16497039794922,139.6142578125,12.353,28.4,1722035352671
35.16496658325195,139.61424255371094,12.425,28.4,1722035353699
35.16496276855469,139.61422729492188,12.373,28.4,1722035354722
35.16495895385742,139.61422729492188,12.238,28.4,1722035355758
35.16495895385742,139.6142120361328,12.176,28.4,1722035356733
35.164955139160156,139.61419677734375,12.186,28.4,1722035357725
35.16495132446289,139.6141815185547,12.301,28.4,1722035358719
35.16495132446289,139.61416625976562,12.051,28.4,1722035359749
35.164947509765625,139.61415100097656,12.092,28.4,1722035360721
35.16494369506836,139.61415100097656,11.999,28.4,1722035361718
35.164939880371094,139.6141357421875,11.895,28.4,1722035362702
35.16493606567383,139.61412048339844,11.926,28.4,1722035363697
35.16493225097656,139.61410522460938,11.728,28.4,1722035364672
35.1649284362793,139.6140899658203,11.593,28.4,1722035365743
35.16492462158203,139.61407470703125,11.635,28.4,1722035366699
35.164920806884766,139.6140594482422,11.51,28.4,1722035367752
35.164920806884766,139.6140594482422,11.458,28.4,1722035368715
35.1649169921875,139.61404418945312,11.478,28.4,1722035369769
35.1649169921875,139.61402893066406,11.395,28.4,1722035370724
35.1649169921875,139.614013671875,11.51,28.4,1722035371763
35.1649169921875,139.61399841308594,11.468,28.4,1722035372731
35.1649169921875,139.61398315429688,11.322,28.4,1722035373698
35.1649169921875,139.6139678955078,11.322,28.4,1722035374751
35.1649169921875,139.61395263671875,11.177,28.4,1722035375771
35.1649169921875,139.6139373779297,11.281,28.4,1722035376726
35.164913177490234,139.61392211914062,11.104,28.4,1722035377763
35.16490936279297,139.61390686035156,11.166,28.4,1722035378731
35.16490936279297,139.61390686035156,11.187,28.4,1722035379752
35.16490936279297,139.6138916015625,11.187,28.4,1722035380766
35.16490936279297,139.61387634277344,11.114,28.4,1722035381719
35.16490936279297,139.61386108398438,11.083,28.4,1722035382760
35.16490936279297,139.6138458251953,11.145,28.4,1722035383694
35.16490936279297,139.61383056640625,11.021,28.4,1722035384723
35.1649055480957,139.6138153076172,11.083,28.4,1722035385750
35.1649055480957,139.61380004882812,10.979,28.4,1722035386699
35.1649055480957,139.61378479003906,10.896,28.4,1722035387715
35.1649055480957,139.61378479003906,11.0,28.4,1722035388732
35.1649055480957,139.61376953125,10.948,28.4,1722035389754
35.1649055480957,139.61375427246094,10.916,28.4,1722035390691
35.16490173339844,139.61373901367188,11.01,28.4,1722035391714
35.16490173339844,139.6137237548828,10.948,28.4,1722035392754
35.16489791870117,139.61370849609375,11.093,28.4,1722035393759
35.16489791870117,139.6136932373047,11.0,28.4,1722035394716
35.16489791870117,139.61367797851562,10.927,28.4,1722035395728
35.164894104003906,139.61366271972656,11.083,28.4,1722035396676
35.164894104003906,139.6136474609375,10.916,28.4,1722035397785
35.16489028930664,139.61363220214844,10.989,28.4,1722035398720
35.16489028930664,139.61363220214844,10.885,28.4,1722035399738
35.16489028930664,139.61361694335938,11.073,28.4,1722035400686
35.164886474609375,139.6136016845703,11.083,28.4,1722035401710
35.164886474609375,139.61358642578125,10.958,28.4,1722035402733
35.16488265991211,139.6135711669922,11.01,28.4,1722035403678
35.16488265991211,139.61355590820312,11.021,28.4,1722035405745
35.16488265991211,139.61354064941406,11.135,28.4,1722035406674
35.16488265991211,139.613525390625,11.031,28.4,1722035407701
35.16488265991211,139.61351013183594,11.208,28.4,1722035408743
35.16488265991211,139.61349487304688,11.052,28.4,1722035409688
35.16488265991211,139.61349487304688,11.291,28.4,1722035410713
35.16488265991211,139.6134796142578,11.218,28.4,1722035411744
35.16488265991211,139.61346435546875,11.177,28.4,1722035412689
35.16488265991211,139.6134490966797,11.385,28.4,1722035413753
35.164878845214844,139.61343383789062,11.239,28.4,1722035414683
35.16487503051758,139.61341857910156,11.426,28.4,1722035415727
35.16487121582031,139.6134033203125,11.364,28.4,1722035416685
35.16486740112305,139.61338806152344,11.187,28.4,1722035417715
35.16486358642578,139.61338806152344,11.312,28.4,1722035418754
35.16485595703125,139.61337280273438,11.218,28.4,1722035419706
35.164852142333984,139.6133575439453,11.302,28.4,1722035420733
35.16484069824219,139.61334228515625,11.197,28.4,1722035422716
35.164833068847656,139.61334228515625,11.073,28.4,1722035423665
35.164817810058594,139.6133270263672,11.073,28.4,1722035425708
35.16481018066406,139.6133270263672,10.916,28.4,1722035426732
35.164798736572266,139.61331176757812,11.052,28.4,1722035427751
35.164791107177734,139.61331176757812,11.062,28.4,1722035428700
35.1647834777832,139.61329650878906,10.771,28.4,1722035429730
35.164772033691406,139.61329650878906,10.729,28.4,1722035430741
35.164756774902344,139.61328125,10.864,28.4,1722035432692
35.16474533081055,139.61326599121094,10.604,28.4,1722035433715
35.164737701416016,139.61326599121094,10.875,28.4,1722035434720
35.164730072021484,139.61325073242188,10.511,28.4,1722035435769
35.16472244262695,139.61325073242188,10.719,28.4,1722035436733
35.16471862792969,139.6132354736328,10.677,28.4,1722035437677
35.16471481323242,139.61322021484375,10.677,28.4,1722035439703
35.164710998535156,139.61318969726562,10.625,28.4,1722035441711
35.16470718383789,139.61318969726562,10.646,28.4,1722035442714
35.164703369140625,139.61317443847656,10.781,28.4,1722035443771
35.16469955444336,139.6131591796875,10.615,28.4,1722035444736
35.164695739746094,139.61314392089844,10.906,28.4,1722035445752
35.16469192504883,139.61312866210938,10.719,28.4,1722035446764
35.16469192504883,139.6131134033203,10.719,28.4,1722035447710
35.16469192504883,139.61309814453125,10.823,28.4,1722035448722
35.16468811035156,139.61309814453125,10.937,28.4,1722035449685
35.1646842956543,139.6130828857422,10.968,28.4,1722035450764
35.16468048095703,139.61306762695312,10.844,28.4,1722035451708
35.164676666259766,139.61305236816406,11.197,28.4,1722035452725
35.1646728515625,139.613037109375,10.927,28.4,1722035453766
35.164669036865234,139.613037109375,11.156,28.4,1722035454709
35.1646614074707,139.61302185058594,11.145,28.4,1722035455733
35.16465759277344,139.61300659179688,11.208,28.4,1722035456760
35.164649963378906,139.6129913330078,10.948,28.4,1722035457708
35.16464614868164,139.6129913330078,11.218,28.4,1722035458755
35.164642333984375,139.61297607421875,11.01,28.4,1722035459756
35.164642333984375,139.6129608154297,10.875,28.4,1722035460703
35.164642333984375,139.61294555664062,11.052,28.4,1722035461720
35.164642333984375,139.61294555664062,11.104,28.4,1722035462748
35.164642333984375,139.61293029785156,10.906,28.4,1722035463697
35.164642333984375,139.6129150390625,11.239,28.4,1722035464719
35.164642333984375,139.61289978027344,10.896,28.4,1722035465759
35.164642333984375,139.61289978027344,10.968,28.4,1722035466779
35.164634704589844,139.6128692626953,10.948,28.4,1722035468741
35.164634704589844,139.61285400390625,11.281,28.4,1722035469757
35.16463088989258,139.6128387451172,11.073,28.4,1722035470715
35.16462707519531,139.6128387451172,11.197,28.4,1722035471752
35.16462707519531,139.61282348632812,11.073,28.4,1722035472771
35.16462326049805,139.61280822753906,11.239,28.4,1722035473721
35.16462326049805,139.61279296875,11.0,28.4,1722035474745
35.16461944580078,139.61277770996094,11.01,28.4,1722035475699
35.16461944580078,139.61277770996094,10.916,28.4,1722035476727
35.164615631103516,139.61276245117188,11.093,28.4,1722035477746
35.164615631103516,139.6127471923828,10.823,28.4,1722035478761
35.16461181640625,139.61273193359375,10.906,28.4,1722035479777
35.16461181640625,139.61273193359375,10.948,28.4,1722035480714
35.16461181640625,139.6127166748047,11.01,28.4,1722035481735
35.16461181640625,139.61268615722656,10.989,28.4,1722035483702
35.16461181640625,139.6126708984375,11.062,28.4,1722035485682
35.164615631103516,139.61265563964844,11.021,28.4,1722035487740
35.164615631103516,139.6126251220703,11.302,28.4,1722035489723
35.16461181640625,139.61260986328125,11.302,28.4,1722035491711
35.164608001708984,139.6125946044922,11.166,28.4,1722035493706
35.16459655761719,139.61257934570312,11.083,28.4,1722035495763
35.164588928222656,139.61257934570312,11.218,28.4,1722035496710
35.164581298828125,139.61256408691406,11.177,28.4,1722035497744
35.16456985473633,139.612548828125,11.156,28.4,1722035499720
35.1645622253418,139.612548828125,11.041,28.4,1722035500751
35.16455078125,139.61253356933594,11.156,28.4,1722035501706
35.16454315185547,139.61253356933594,10.937,28.4,1722035502735
35.164527893066406,139.61253356933594,10.937,28.4,1722035504689
35.164520263671875,139.61253356933594,10.979,28.4,1722035505709
35.16450881958008,139.61251831054688,10.854,28.4,1722035506719
35.164493560791016,139.61251831054688,10.729,28.4,1722035508747
35.16448211669922,139.6125030517578,10.531,28.4,1722035510689
35.16447067260742,139.61248779296875,10.531,28.4,1722035512776
35.164459228515625,139.6124725341797,10.563,28.4,1722035514707
35.16445541381836,139.61245727539062,10.604,28.4,1722035515706
35.16444778442383,139.61244201660156,10.521,28.4,1722035516750
35.16444396972656,139.61244201660156,10.531,28.4,1722035517713
35.16443634033203,139.6124267578125,10.5,28.4,1722035518718
35.164432525634766,139.6124267578125,10.563,28.4,1722035519717
35.16442108154297,139.61239624023438,10.438,28.4,1722035521725
35.1644172668457,139.61239624023438,10.344,28.4,1722035522756
35.16440963745117,139.61236572265625,10.344,28.4,1722035524723
35.164405822753906,139.6123504638672,10.323,28.4,1722035526715
35.16440200805664,139.61233520507812,10.053,28.4,1722035528696
35.164398193359375,139.61231994628906,10.011,28.4,1722035530668
35.164398193359375,139.6123046875,10.24,28.4,1722035532723
35.164398193359375,139.61228942871094,10.25,28.4,1722035534703
35.16439437866211,139.61227416992188,10.292,28.4,1722035536695
35.164390563964844,139.6122589111328,10.198,28.4,1722035538733
35.16438293457031,139.6122589111328,10.167,28.4,1722035541705
35.16437911987305,139.61224365234375,10.198,28.4,1722035543679
35.16437911987305,139.6122283935547,10.105,28.4,1722035545735
35.16437911987305,139.61221313476562,10.178,28.4,1722035548706
35.164371490478516,139.61221313476562,10.084,28.4,1722035553739
35.164363861083984,139.61221313476562,10.178,28.4,1722035562703
35.164363861083984,139.61219787597656,10.646,28.6,1722035686704
35.16436767578125,139.6121826171875,10.75,28.6,1722035712725
35.164371490478516,139.61216735839844,10.635,28.6,1722035713750
35.16438674926758,139.61215209960938,10.729,28.6,1722035715683
35.164398193359375,139.61212158203125,10.771,28.6,1722035716700
35.16440200805664,139.6121063232422,10.74,28.6,1722035717744
35.1644172668457,139.6121063232422,10.812,28.6,1722035720694
35.16442108154297,139.61209106445312,10.896,28.4,1722035726697
35.1644287109375,139.61207580566406,11.551,28.6,1722035844741
35.16445541381836,139.61207580566406,11.468,28.6,1722035846667
35.164466857910156,139.61207580566406,11.562,28.6,1722035848679
35.16447830200195,139.61207580566406,11.645,28.6,1722035850700
35.16448974609375,139.612060546875,11.635,28.6,1722035852731
35.16449737548828,139.612060546875,11.603,28.6,1722035855694
35.16450881958008,139.612060546875,11.947,28.6,1722035894764
35.16453170776367,139.61204528808594,11.874,28.4,1722035896734
35.164546966552734,139.61203002929688,11.957,28.4,1722035897719
35.16456604003906,139.6120147705078,11.988,28.4,1722035900760
35.164573669433594,139.6120147705078,12.061,28.6,1722035905737
35.164581298828125,139.6120147705078,12.134,28.4,1722035909734
35.164588928222656,139.61199951171875,12.228,28.4,1722035911697
35.164588928222656,139.6119842529297,12.425,28.4,1722035912710
35.16459274291992,139.61195373535156,12.467,28.4,1722035913720
35.16459274291992,139.6119384765625,12.124,28.4,1722035914756
35.164588928222656,139.61192321777344,12.55,28.4,1722035915753
35.16459655761719,139.61190795898438,12.144,28.6,1722035916687
35.16460037231445,139.6118927001953,12.415,28.6,1722035917774
35.16460418701172,139.61187744140625,12.259,28.6,1722035919721
35.16460418701172,139.6118621826172,12.113,28.6,1722035921748
35.16460037231445,139.61183166503906,11.988,28.4,1722035923752
35.16459655761719,139.61181640625,12.197,28.4,1722035924743
35.16459655761719,139.61181640625,12.02,28.4,1722035925757
35.16460418701172,139.61180114746094,12.134,28.4,1722035927723
35.16459655761719,139.6117706298828,11.832,28.4,1722035930700
35.164588928222656,139.6117706298828,11.947,28.4,1722035931716
35.164581298828125,139.61175537109375,11.905,28.4,1722035932754
35.16457748413086,139.6117401123047,11.843,28.4,1722035933760
35.16456985473633,139.61172485351562,11.863,28.4,1722035934729
35.16456985473633,139.61172485351562,11.801,28.4,1722035935714
35.16456604003906,139.61170959472656,11.739,28.4,1722035936781
35.16456604003906,139.6116943359375,11.853,28.4,1722035937685
35.1645622253418,139.61167907714844,11.811,28.4,1722035938764
35.16455078125,139.61166381835938,11.749,28.6,1722035940724
35.164546966552734,139.61166381835938,11.562,28.6,1722035941699
35.16453552246094,139.6116485595703,11.541,28.4,1722035943733
35.16453170776367,139.61163330078125,11.478,28.4,1722035944710
35.16453170776367,139.6116180419922,11.551,28.4,1722035945738
35.164527893066406,139.61160278320312,11.343,28.4,1722035946706
35.164520263671875,139.61160278320312,11.541,28.4,1722035947680
35.16451644897461,139.61158752441406,11.374,28.4,1722035948714
35.164512634277344,139.61155700683594,11.499,28.4,1722035949759
35.16450500488281,139.61154174804688,11.395,28.4,1722035950726
35.16450119018555,139.6115264892578,11.416,28.4,1722035951726
35.16449737548828,139.61151123046875,11.541,28.4,1722035952745
35.16449737548828,139.6114959716797,11.312,28.4,1722035953706
35.164493560791016,139.61148071289062,11.26,28.4,1722035954743
35.16448974609375,139.61146545410156,11.53,28.4,1722035955706
35.164485931396484,139.6114501953125,11.249,28.4,1722035956747
35.16448974609375,139.61143493652344,11.593,28.4,1722035957705
35.164493560791016,139.61141967773438,11.406,28.4,1722035958703
35.16449737548828,139.6114044189453,11.551,28.4,1722035959725
35.16450119018555,139.61138916015625,11.437,28.4,1722035960762
35.16450500488281,139.6113739013672,11.51,28.4,1722035961731
35.16450500488281,139.61135864257812,11.53,28.4,1722035962702
35.16450500488281,139.61134338378906,11.541,28.4,1722035964716
35.16450119018555,139.611328125,11.468,28.4,1722035965758
35.16449737548828,139.61131286621094,11.707,28.4,1722035966734
35.16450119018555,139.61129760742188,11.645,28.4,1722035967710
35.16450119018555,139.6112823486328,11.437,28.4,1722035968759
35.16450119018555,139.61126708984375,11.551,28.4,1722035969730
35.164493560791016,139.6112518310547,11.51,28.4,1722035971760
35.16448974609375,139.61123657226562,11.666,28.4,1722035973712
35.16447830200195,139.61122131347656,11.78,28.4,1722035975729
35.16447448730469,139.6112060546875,11.635,28.4,1722035977751
35.16447067260742,139.61119079589844,11.583,28.4,1722035978724
35.16447067260742,139.61119079589844,11.624,28.4,1722035979708
35.16446304321289,139.61117553710938,11.426,28.4,1722035980755
35.16445541381836,139.6111602783203,11.759,28.4,1722035981717
35.164451599121094,139.61114501953125,11.364,28.4,1722035982707
35.16444778442383,139.6111297607422,11.614,28.4,1722035983743
35.16444778442383,139.61111450195312,11.759,28.4,1722035984722
35.16444778442383,139.611083984375,11.468,28.4,1722035985713
35.16444778442383,139.61106872558594,11.822,28.4,1722035986678
35.16444778442383,139.61105346679688,11.635,28.4,1722035987736
35.16444778442383,139.6110382080078,11.541,28.4,1722035988707
35.16444396972656,139.61102294921875,11.624,28.4,1722035989685
35.16444396972656,139.61099243164062,11.874,28.4,1722035990780
35.164432525634766,139.61097717285156,11.916,28.4,1722035991719
35.164424896240234,139.6109619140625,11.759,28.4,1722035992708
35.1644172668457,139.61094665527344,12.009,28.4,1722035993697
35.164405822753906,139.61093139648438,11.978,28.4,1722035994690
35.16439437866211,139.6109161376953,12.04,28.4,1722035995682
35.164390563964844,139.6108856201172,12.009,28.4,1722035996787
35.16438674926758,139.61087036132812,11.78,28.4,1722035997744
35.16438293457031,139.61087036132812,11.916,28.4,1722035998732
35.16438674926758,139.61085510253906,11.884,28.4,1722035999717
35.16438674926758,139.61083984375,12.217,28.4,1722036000708
35.16439437866211,139.61082458496094,11.947,28.4,1722036001708
35.164398193359375,139.61082458496094,11.791,28.4,1722036002692
35.164398193359375,139.61080932617188,11.583,28.4,1722036003677
35.16440200805664,139.6107940673828,11.343,28.4,1722036004737
35.16440963745117,139.61077880859375,11.249,28.4,1722036005773
35.16441345214844,139.6107635498047,11.114,28.4,1722036007747
35.16441345214844,139.61074829101562,11.187,28.6,1722036009726
35.164405822753906,139.61073303222656,10.958,28.6,1722036011689
35.16439437866211,139.6107177734375,10.948,28.4,1722036012737
35.16438674926758,139.61070251464844,10.802,28.4,1722036013722
35.16437530517578,139.61068725585938,10.667,28.4,1722036015762
35.16437530517578,139.6106719970703,10.178,28.6,1722036019745
35.164371490478516,139.6106719970703,9.855,28.6,1722036020732
35.16436767578125,139.61065673828125,9.595,28.6,1722036021767
35.16436004638672,139.6106414794922,9.251,28.6,1722036023754
35.16435623168945,139.61062622070312,9.095,28.6,1722036024698
35.164344787597656,139.61061096191406,8.981,28.6,1722036026765
35.164337158203125,139.610595703125,8.669,28.6,1722036028706
35.16433334350586,139.61058044433594,8.575,28.6,1722036029724
35.164329528808594,139.61056518554688,8.471,28.6,1722036030705
35.16432571411133,139.6105499267578,8.46,28.6,1722036031758
35.16432571411133,139.61053466796875,8.398,28.6,1722036032740
35.164329528808594,139.61053466796875,8.336,28.6,1722036033719
35.16432571411133,139.6105194091797,8.179,28.6,1722036034708
35.1643180847168,139.61050415039062,8.179,28.6,1722036035752
35.16431427001953,139.61048889160156,8.356,28.6,1722036036750
35.164306640625,139.6104736328125,8.065,28.6,1722036037712
35.1642951965332,139.6104736328125,8.075,28.6,1722036038760
35.16428756713867,139.61045837402344,7.836,28.6,1722036039742
35.16427993774414,139.61044311523438,8.034,28.6,1722036040745
35.164276123046875,139.6104278564453,7.336,28.6,1722036042750
35.164268493652344,139.6103973388672,7.482,28.6,1722036044709
35.16426086425781,139.6103973388672,7.742,28.6,1722036045689
35.16425323486328,139.61038208007812,7.441,28.6,1722036046739
35.164241790771484,139.61036682128906,7.118,28.6,1722036047724
35.16423034667969,139.61036682128906,6.972,28.4,1722036048766
35.16421890258789,139.6103515625,7.055,28.4,1722036049767
35.16421127319336,139.6103515625,7.441,28.4,1722036050744
35.16419982910156,139.61033630371094,7.586,28.4,1722036051709
35.16419219970703,139.61033630371094,7.149,28.4,1722036052692
35.164180755615234,139.61032104492188,6.931,28.4,1722036053758
35.16416931152344,139.6103057861328,6.774,28.4,1722036054719
35.16416549682617,139.61029052734375,6.931,28.4,1722036055698
35.16415786743164,139.61029052734375,6.837,28.4,1722036056686
35.164154052734375,139.6102752685547,6.493,28.4,1722036058721
35.16415023803711,139.61024475097656,7.17,28.4,1722036060739
35.16415023803711,139.6102294921875,7.076,28.4,1722036061717
35.164154052734375,139.61021423339844,7.576,28.4,1722036062699
35.164161682128906,139.61019897460938,7.139,28.4,1722036064729
35.16416549682617,139.6101837158203,6.931,28.4,1722036065707
35.16416549682617,139.61016845703125,7.024,28.4,1722036066687
35.16416931152344,139.6101531982422,7.451,28.4,1722036067738
35.16416931152344,139.61013793945312,7.107,28.4,1722036068729
35.16417694091797,139.61013793945312,6.837,28.2,1722036069699
35.16417694091797,139.61012268066406,6.91,28.2,1722036070746
35.1641731262207,139.61009216308594,6.691,28.2,1722036071730
35.16417694091797,139.61007690429688,5.838,28.2,1722036073753
35.16416931152344,139.61004638671875,4.141,28.0,1722036077739
35.16416931152344,139.6100311279297,3.975,28.0,1722036078718
35.16416549682617,139.61001586914062,3.694,28.0,1722036079698
35.164161682128906,139.61000061035156,3.403,28.0,1722036080680
35.164154052734375,139.6099853515625,3.736,28.0,1722036081794
35.16414260864258,139.6099853515625,3.767,28.0,1722036082714
35.16413497924805,139.60997009277344,3.892,28.0,1722036083690
35.164119720458984,139.60997009277344,4.35,28.0,1722036084746
35.16410827636719,139.60997009277344,4.662,28.0,1722036085721
35.16409683227539,139.60995483398438,4.86,28.0,1722036087757
35.164085388183594,139.6099395751953,4.443,28.0,1722036088728
35.16407775878906,139.6099395751953,4.048,28.0,1722036089715
35.1640625,139.60992431640625,4.037,27.8,1722036091740
35.1640510559082,139.6099090576172,4.079,27.8,1722036093700
35.16404342651367,139.60987854003906,4.579,27.8,1722036095732
35.16404342651367,139.60986328125,5.328,27.8,1722036096712
35.16403579711914,139.60984802246094,5.765,27.8,1722036098680
35.164031982421875,139.60983276367188,6.306,27.8,1722036100715
35.16402816772461,139.60980224609375,6.546,27.8,1722036102738
35.164024353027344,139.6097869873047,6.254,27.8,1722036104700
35.16402053833008,139.60977172851562,6.421,27.8,1722036105681
35.16400909423828,139.60977172851562,6.16,27.8,1722036106742
35.163997650146484,139.60975646972656,6.108,27.8,1722036107704
35.16399383544922,139.60975646972656,6.285,27.8,1722036108756
35.16398239135742,139.6097412109375,6.639,27.8,1722036109740
35.163970947265625,139.60972595214844,6.4,27.8,1722036110719
35.16396713256836,139.60972595214844,6.598,27.6,1722036111707
35.16395950317383,139.60971069335938,6.285,27.6,1722036112748
35.163944244384766,139.6096954345703,6.119,27.6,1722036114712
35.16393280029297,139.60968017578125,6.358,27.6,1722036116669
35.16392517089844,139.6096649169922,6.452,27.6,1722036117721
35.163917541503906,139.60964965820312,6.431,27.6,1722036118700
35.16391372680664,139.60963439941406,6.265,27.6,1722036119748
35.16390609741211,139.609619140625,5.973,27.6,1722036121709
35.16389846801758,139.60960388183594,5.807,27.6,1722036122756
35.16389083862305,139.60960388183594,5.567,27.6,1722036123748
35.163883209228516,139.60958862304688,5.39,27.6,1722036124718
35.163875579833984,139.6095733642578,4.839,27.6,1722036125737
35.16387176513672,139.60955810546875,4.631,27.6,1722036126744
35.16386413574219,139.60955810546875,4.402,27.6,1722036127723
35.163856506347656,139.6095428466797,4.703,27.6,1722036128717
35.163841247558594,139.60952758789062,4.599,27.6,1722036130734
35.16383361816406,139.60952758789062,4.599,27.6,1722036131728
35.163822174072266,139.60951232910156,4.849,27.6,1722036133745
35.163814544677734,139.6094970703125,5.109,27.6,1722036135708
35.1638069152832,139.60948181152344,5.276,27.6,1722036137740
35.163795471191406,139.60946655273438,5.463,27.6,1722036139724
35.163787841796875,139.6094512939453,5.286,27.6,1722036141725
35.163780212402344,139.60943603515625,5.078,27.6,1722036143762
35.163780212402344,139.6094207763672,5.089,27.6,1722036144737
35.16377258300781,139.60940551757812,5.161,27.6,1722036145717
35.16376876831055,139.60940551757812,4.995,27.6,1722036146697
35.16376495361328,139.60939025878906,4.964,27.6,1722036147676
35.163761138916016,139.609375,4.828,27.6,1722036148740
35.16375732421875,139.60935974121094,5.005,27.6,1722036149708
35.16375732421875,139.60934448242188,5.255,27.6,1722036150716
35.16375732421875,139.6093292236328,5.422,27.6,1722036152739
35.16375732421875,139.60931396484375,5.494,27.4,1722036154752
35.16374588012695,139.6092987060547,5.338,27.6,1722036156712
35.16373825073242,139.60928344726562,5.505,27.6,1722036157697
35.16373062133789,139.60926818847656,5.161,27.6,1722036158738
35.163726806640625,139.60926818847656,4.953,27.6,1722036159718
35.163726806640625,139.60923767089844,4.828,27.6,1722036161693
35.16373062133789,139.60922241210938,4.912,27.6,1722036163722
35.16373825073242,139.6092071533203,4.953,27.6,1722036165738
35.163734436035156,139.60919189453125,5.484,27.6,1722036167706
35.163734436035156,139.6091766357422,6.14,27.6,1722036169732
35.163726806640625,139.60916137695312,6.525,27.6,1722036171767
35.163719177246094,139.60914611816406,6.639,27.6,1722036173730
35.16371154785156,139.609130859375,6.337,27.6,1722036175684
35.16370391845703,139.60910034179688,6.504,27.6,1722036177728
35.163700103759766,139.6090850830078,6.369,27.6,1722036179746
35.163692474365234,139.60906982421875,6.244,27.4,1722036181707
35.16368103027344,139.6090545654297,6.598,27.4,1722036183739
35.163673400878906,139.6090545654297,6.65,27.4,1722036184719
35.16366195678711,139.60903930664062,6.493,27.4,1722036186677
35.16365432739258,139.60903930664062,6.514,27.4,1722036187731
35.16364669799805,139.60903930664062,6.847,27.4,1722036188708
35.163631439208984,139.60902404785156,6.66,27.4,1722036190761
35.16362762451172,139.6090087890625,6.369,27.4,1722036192695
35.16361618041992,139.60899353027344,6.629,27.4,1722036194728
35.16361618041992,139.60897827148438,6.795,27.4,1722036196686
35.16360855102539,139.6089630126953,6.691,27.4,1722036198718
35.163612365722656,139.60894775390625,6.764,27.4,1722036200750
35.16360855102539,139.6089324951172,6.712,27.2,1722036202707
35.163604736328125,139.60891723632812,6.681,27.2,1722036204737
35.16361618041992,139.60891723632812,6.879,27.2,1722036206700
35.16361999511719,139.60890197753906,7.836,27.0,1722036213701
35.16362380981445,139.60888671875,8.211,27.0,1722036218749
35.16362762451172,139.60888671875,8.512,27.0,1722036221694
35.16362762451172,139.60887145996094,8.346,27.0,1722036226734
35.16363525390625,139.60885620117188,7.753,27.0,1722036306737
35.16364288330078,139.60885620117188,9.459,27.0,1722036331745
35.163658142089844,139.6088409423828,9.158,27.0,1722036334686
35.16366958618164,139.6088409423828,9.231,26.8,1722036337696
35.16367721557617,139.6088409423828,9.178,26.8,1722036339723
35.16368865966797,139.6088409423828,9.418,26.8,1722036343716
35.164005279541016,139.60885620117188,6.337,28.0,1722037769661
35.163997650146484,139.60887145996094,5.765,26.8,1722038103715
35.16398620605469,139.60887145996094,5.255,26.8,1722038105733
35.163970947265625,139.60888671875,5.411,26.8,1722038107694
35.163936614990234,139.60888671875,7.368,26.8,1722038111695
35.163917541503906,139.60888671875,9.772,26.8,1722038115689
35.16390609741211,139.60887145996094,9.512,26.8,1722038117705
35.16389465332031,139.60885620117188,10.042,26.8,1722038119729
35.163883209228516,139.60885620117188,10.094,26.8,1722038121714
35.16387176513672,139.6088409423828,9.792,26.8,1722038123737
35.163856506347656,139.6088409423828,9.98,26.8,1722038125683
35.16384506225586,139.6088409423828,9.459,26.8,1722038127719
35.16382598876953,139.6088409423828,7.43,26.8,1722038131741
35.163814544677734,139.60885620117188,6.556,26.8,1722038133696
35.16379928588867,139.60887145996094,6.993,26.8,1722038135731
35.163787841796875,139.60887145996094,7.014,26.8,1722038136707
35.163780212402344,139.60887145996094,7.232,26.8,1722038137688
35.16376876831055,139.60888671875,6.816,26.8,1722038139670
35.16374969482422,139.60887145996094,7.253,26.8,1722038141679
35.16373825073242,139.60887145996094,7.826,26.8,1722038143713
35.16372299194336,139.60885620117188,7.878,26.8,1722038145669
35.1637077331543,139.60885620117188,8.252,26.8,1722038147712
35.163700103759766,139.60885620117188,7.867,26.8,1722038148691
35.1636848449707,139.6088409423828,8.367,26.8,1722038150717
35.16366958618164,139.6088409423828,8.627,26.8,1722038152678
35.16365432739258,139.6088409423828,8.825,26.8,1722038153674
35.16364288330078,139.6088409423828,8.564,26.8,1722038154694
35.163631439208984,139.6088409423828,8.502,26.8,1722038155713
35.16361999511719,139.6088409423828,8.512,26.8,1722038156705
35.16360855102539,139.60882568359375,8.315,26.8,1722038157681
35.16360092163086,139.60882568359375,7.919,26.8,1722038158742
35.1635856628418,139.60882568359375,7.774,26.8,1722038160698
35.16355895996094,139.6088104248047,6.525,26.8,1722038164676
35.163543701171875,139.6088104248047,7.534,26.8,1722038166706
35.16353225708008,139.6088104248047,7.253,26.8,1722038169715
35.16352081298828,139.60879516601562,7.461,26.8,1722038171677
35.163509368896484,139.60879516601562,7.649,26.8,1722038173710
35.16350173950195,139.60879516601562,7.17,27.0,1722038176718
35.163490295410156,139.6088104248047,7.711,27.0,1722038179729
35.16347885131836,139.60882568359375,10.334,27.0,1722038193733
35.16347885131836,139.6088409423828,10.615,27.0,1722038195702
35.163482666015625,139.60885620117188,9.595,27.0,1722038197737
35.163482666015625,139.60887145996094,9.262,27.0,1722038199697
35.163482666015625,139.60888671875,8.981,27.0,1722038201703
35.16348648071289,139.60890197753906,8.97,27.0,1722038203711
35.16348648071289,139.6089324951172,8.96,27.0,1722038205717
35.16348648071289,139.60894775390625,8.596,27.0,1722038207690
35.163482666015625,139.6089630126953,8.283,27.0,1722038209725
35.163482666015625,139.60897827148438,8.408,27.0,1722038211682
35.16348648071289,139.60899353027344,8.336,27.0,1722038213738
35.16347885131836,139.6090087890625,8.315,27.0,1722038215680
35.1634635925293,139.60903930664062,6.681,27.0,1722038219733
35.16345977783203,139.6090545654297,8.065,27.0,1722038221704
35.1634521484375,139.6090850830078,6.951,27.0,1722038226672
35.1634521484375,139.60910034179688,7.253,27.0,1722038229683
35.1634635925293,139.60910034179688,6.993,27.0,1722038232690
35.1634635925293,139.60911560058594,6.983,27.0,1722038238706
35.16347122192383,139.60911560058594,7.035,27.0,1722038245703
35.16347885131836,139.609130859375,7.378,27.0,1722038250681
35.163490295410156,139.609130859375,7.669,27.0,1722038259706
35.16349411010742,139.609130859375,7.378,27.0,1722038264748
35.16350173950195,139.609130859375,7.867,27.0,1722038271707
35.16351318359375,139.609130859375,6.546,27.0,1722038284698
35.16420364379883,139.6092071533203,8.585,29.4,1722038966674
35.16421127319336,139.60922241210938,8.804,29.0,1722038970694
35.164207458496094,139.6092071533203,8.762,28.6,1722038979743
35.16420364379883,139.60919189453125,8.773,28.6,1722038980663
35.16419982910156,139.6091766357422,8.814,28.6,1722038981663
35.1641960144043,139.60916137695312,8.835,28.4,1722038983668
35.1641960144043,139.60914611816406,8.981,28.4,1722038985726
35.16419219970703,139.609130859375,8.606,28.4,1722038986736
35.1641845703125,139.60911560058594,8.929,28.4,1722038987727
35.164180755615234,139.60911560058594,8.773,28.2,1722038988729
35.1641731262207,139.6090850830078,8.492,28.2,1722038990701
35.164161682128906,139.60903930664062,6.91,28.0,1722038994688
35.16414260864258,139.6090087890625,8.825,28.0,1722038997705
35.16411590576172,139.6089630126953,4.714,27.8,1722039002675
35.16411209106445,139.60894775390625,4.683,27.8,1722039003723
35.164100646972656,139.6089324951172,4.912,27.8,1722039005685
35.16409683227539,139.60891723632812,5.193,27.6,1722039006667
35.16408920288086,139.60890197753906,5.13,27.6,1722039007717
35.164085388183594,139.60890197753906,4.984,27.6,1722039008696
35.16408157348633,139.60888671875,5.515,27.6,1722039009680
35.16407775878906,139.60887145996094,5.297,27.6,1722039010662
35.16407012939453,139.60885620117188,6.337,27.4,1722039012624
35.164058685302734,139.6088409423828,6.577,27.4,1722039014719
35.16404342651367,139.60882568359375,6.826,27.4,1722039016685
35.16403579711914,139.60882568359375,6.483,27.4,1722039017682
35.16402816772461,139.6088104248047,6.577,27.4,1722039018710
35.16402053833008,139.6088104248047,6.379,27.4,1722039019696
35.16401290893555,139.60879516601562,6.379,27.4,1722039020675
35.16400146484375,139.60879516601562,6.452,27.2,1722039021723
35.16399383544922,139.60879516601562,6.899,27.2,1722039022724
35.16398620605469,139.60877990722656,7.128,27.2,1722039023705
35.16397476196289,139.60877990722656,7.43,27.2,1722039024670
35.163944244384766,139.60877990722656,8.845,27.2,1722039027704
35.163936614990234,139.60877990722656,9.241,27.2,1722039028706
35.1639289855957,139.6087646484375,9.189,27.2,1722039029714
35.163909912109375,139.6087646484375,9.709,27.2,1722039031754
35.16389465332031,139.6087646484375,10.021,27.2,1722039033708
35.163883209228516,139.6087646484375,10.25,27.2,1722039034712
35.163875579833984,139.6087646484375,10.615,27.2,1722039035707
35.16386413574219,139.6087646484375,10.948,27.2,1722039036706
35.163856506347656,139.60874938964844,11.166,27.2,1722039037738
35.16384506225586,139.60874938964844,11.27,27.2,1722039038690
35.16383743286133,139.60874938964844,11.312,27.2,1722039039733
35.16382598876953,139.60874938964844,11.645,27.2,1722039040696
35.163818359375,139.60873413085938,11.687,27.2,1722039041677
35.1638069152832,139.6087188720703,12.134,27.2,1722039043732
35.16379928588867,139.60870361328125,12.353,27.2,1722039045727
35.16379165649414,139.6086883544922,12.425,27.2,1722039047691
35.16378402709961,139.60865783691406,12.644,27.2,1722039049748
35.16378402709961,139.60865783691406,12.675,27.2,1722039050691
35.16378402709961,139.608642578125,12.863,27.2,1722039051739
35.16378402709961,139.60862731933594,12.811,27.2,1722039052692
35.163780212402344,139.60861206054688,13.164,27.2,1722039053742
35.16377639770508,139.6085968017578,13.383,27.2,1722039054708
35.16377639770508,139.60858154296875,13.477,27.2,1722039055688
35.16377258300781,139.60858154296875,13.893,27.2,1722039056756
35.16376876831055,139.6085662841797,13.799,27.0,1722039057668
35.16376495361328,139.60855102539062,14.278,27.0,1722039058685
35.163761138916016,139.60853576660156,14.257,27.0,1722039059679
35.16375732421875,139.60853576660156,14.226,27.0,1722039060709
35.163753509521484,139.60850524902344,14.351,27.0,1722039062731
35.16374969482422,139.60848999023438,14.653,27.0,1722039063665
35.16374206542969,139.60848999023438,14.684,27.0,1722039064685
35.16373825073242,139.6084747314453,14.819,27.0,1722039065716
35.16373062133789,139.60845947265625,14.902,27.0,1722039066685
35.16372299194336,139.6084442138672,15.339,27.0,1722039068749
35.163719177246094,139.60842895507812,15.464,27.2,1722039069702
35.1637077331543,139.60841369628906,15.662,27.2,1722039071732
35.16370391845703,139.6083984375,15.6,27.2,1722039072723
35.163700103759766,139.6083984375,15.662,27.2,1722039073681
35.1636962890625,139.60838317871094,15.756,27.2,1722039074655
35.163692474365234,139.60836791992188,15.901,27.2,1722039075728
35.16368865966797,139.6083526611328,16.016,27.2,1722039076702
35.1636848449707,139.6083526611328,16.328,27.2,1722039077696
35.16368103027344,139.60833740234375,16.38,27.2,1722039078695
35.16367721557617,139.6083221435547,16.526,27.2,1722039079703
35.163673400878906,139.60830688476562,16.588,27.2,1722039080720
35.16367721557617,139.60829162597656,16.567,27.2,1722039082701
35.16367721557617,139.6082763671875,16.599,27.2,1722039083691
35.16367721557617,139.60826110839844,16.567,27.2,1722039084697
35.16368103027344,139.60824584960938,16.578,27.2,1722039085695
35.16368103027344,139.6082305908203,16.713,27.2,1722039086700
35.16368103027344,139.60821533203125,16.786,27.2,1722039087716
35.16367721557617,139.60821533203125,16.817,27.2,1722039088733
35.16367721557617,139.6082000732422,16.703,27.2,1722039089739
35.163673400878906,139.60818481445312,16.9,27.2,1722039090752
35.16366958618164,139.60816955566406,16.588,27.2,1722039091754
35.163665771484375,139.608154296875,16.578,27.2,1722039093674
35.163658142089844,139.60813903808594,16.776,27.2,1722039095694
35.16365051269531,139.60812377929688,16.786,27.2,1722039097689
35.16364288330078,139.6081085205078,16.64,27.2,1722039098705
35.163639068603516,139.6081085205078,16.63,27.2,1722039099704
35.16362380981445,139.60809326171875,16.682,27.2,1722039101716
35.163612365722656,139.60809326171875,16.848,27.2,1722039104730
35.163604736328125,139.60809326171875,16.609,27.2,1722039108673
35.163597106933594,139.6080780029297,16.724,27.2,1722039110677
35.16358184814453,139.60806274414062,16.828,27.2,1722039112701
35.163570404052734,139.60806274414062,16.859,27.2,1722039114645
35.16355514526367,139.60804748535156,17.036,27.2,1722039116679
35.16354751586914,139.60804748535156,16.63,27.2,1722039117715
35.16353988647461,139.6080322265625,16.786,27.2,1722039118697
35.16353225708008,139.60801696777344,16.64,27.2,1722039119713
35.16352462768555,139.60801696777344,16.796,27.2,1722039120725
35.163516998291016,139.60800170898438,16.724,27.2,1722039121742
35.16351318359375,139.60800170898438,16.744,27.2,1722039122641
35.16350555419922,139.6079864501953,16.859,27.2,1722039124763
35.16349792480469,139.60797119140625,17.171,27.2,1722039126696
35.16348648071289,139.6079559326172,17.098,27.2,1722039128729
35.163482666015625,139.60794067382812,16.911,27.2,1722039129748
35.16347122192383,139.60792541503906,17.129,27.2,1722039131690
35.1634635925293,139.60791015625,17.161,27.0,1722039133716
35.16345977783203,139.60789489746094,17.098,27.0,1722039135669
35.163455963134766,139.60787963867188,17.088,27.0,1722039137710
35.16344451904297,139.6078643798828,17.223,27.0,1722039139748
35.16343688964844,139.60784912109375,17.223,27.0,1722039141696
35.16343307495117,139.6078338623047,17.015,27.0,1722039142721
35.16343307495117,139.60781860351562,17.14,26.8,1722039144644
35.16342544555664,139.60780334472656,17.119,26.8,1722039145670
35.163421630859375,139.6077880859375,17.286,26.8,1722039146697
35.16341781616211,139.60777282714844,17.213,26.8,1722039148728
35.16341781616211,139.60775756835938,17.306,26.8,1722039149647
35.16341781616211,139.6077423095703,17.213,26.8,1722039150700
35.163414001464844,139.6077423095703,17.15,26.8,1722039151712
35.16341018676758,139.60772705078125,17.213,26.8,1722039152723
35.16340637207031,139.6077117919922,17.057,26.8,1722039153664
35.16340255737305,139.60769653320312,17.088,26.8,1722039154674
35.16339874267578,139.60768127441406,17.296,26.8,1722039155701
35.163394927978516,139.607666015625,17.077,26.8,1722039156710
35.16339111328125,139.607666015625,17.296,26.8,1722039157752
35.163387298583984,139.60765075683594,17.088,26.8,1722039158669
35.16338348388672,139.60763549804688,17.171,26.8,1722039159677
35.16337585449219,139.6076202392578,17.202,26.8,1722039160706
35.16337203979492,139.60760498046875,16.953,26.8,1722039161728
35.16336441040039,139.6075897216797,17.338,26.8,1722039162745
35.16335678100586,139.6075897216797,16.963,26.8,1722039163666
35.16334915161133,139.60757446289062,17.181,26.8,1722039164681
35.16333770751953,139.60755920410156,16.963,26.8,1722039166707
35.163330078125,139.6075439453125,16.807,26.8,1722039168732
35.1633186340332,139.60752868652344,16.848,26.8,1722039170650
35.16331100463867,139.60752868652344,17.015,26.8,1722039172677
35.16330337524414,139.60751342773438,17.161,26.8,1722039174717
35.163291931152344,139.6074981689453,17.15,26.8,1722039176647
35.16328048706055,139.60748291015625,17.098,26.8,1722039178694
35.16327667236328,139.6074676513672,16.994,26.8,1722039179720
35.163272857666016,139.60745239257812,16.9,26.8,1722039180730
35.16326904296875,139.60745239257812,16.734,26.8,1722039181742
35.163265228271484,139.60743713378906,16.973,26.8,1722039182650
35.163265228271484,139.607421875,16.817,26.8,1722039183677
35.16325759887695,139.60740661621094,16.953,26.8,1722039185719
35.16325759887695,139.60739135742188,16.88,26.8,1722039186709
35.16325378417969,139.6073760986328,16.984,26.8,1722039187729
35.16325378417969,139.60736083984375,16.869,26.8,1722039188742
35.16324996948242,139.6073455810547,16.9,26.8,1722039190693
35.163246154785156,139.60733032226562,16.776,26.8,1722039191684
35.16324234008789,139.60731506347656,16.838,26.8,1722039192684
35.16323471069336,139.6072998046875,16.776,26.8,1722039194713
35.163230895996094,139.60728454589844,16.682,26.8,1722039196727
35.16322326660156,139.60726928710938,16.64,26.8,1722039198760
35.16321563720703,139.6072540283203,16.859,26.8,1722039200656
35.1632080078125,139.60723876953125,16.609,26.8,1722039202668
35.1631965637207,139.6072235107422,16.869,26.8,1722039204689
35.163185119628906,139.60720825195312,16.869,26.8,1722039206692
35.163169860839844,139.60720825195312,16.724,26.8,1722039208714
35.16315460205078,139.6072235107422,16.796,26.8,1722039210732
35.16313934326172,139.6072235107422,16.786,26.8,1722039212653
35.163124084472656,139.6072235107422,16.692,26.8,1722039214667
35.163108825683594,139.60720825195312,16.734,26.8,1722039216685
35.1630973815918,139.60719299316406,16.651,26.8,1722039219710
35.1630859375,139.607177734375,16.703,26.8,1722039221714
35.16307830810547,139.607177734375,16.682,26.8,1722039222744
35.16307067871094,139.60716247558594,16.765,26.8,1722039223730
35.16305923461914,139.60714721679688,16.651,26.8,1722039225653
35.163047790527344,139.60714721679688,16.869,26.8,1722039227676
35.16303634643555,139.6071319580078,16.921,26.8,1722039229704
35.163021087646484,139.6071319580078,16.765,26.8,1722039231715
35.16300582885742,139.6071319580078,16.828,26.8,1722039233732
35.162994384765625,139.6071319580078,16.973,26.8,1722039235669
35.16297912597656,139.60711669921875,16.859,26.8,1722039237684
35.1629638671875,139.60711669921875,16.599,26.8,1722039239702
35.1629524230957,139.6071014404297,16.703,26.8,1722039240703
35.162940979003906,139.6071014404297,16.932,26.8,1722039242744
35.16292953491211,139.60708618164062,16.776,26.8,1722039244644
35.16292190551758,139.60707092285156,16.9,26.8,1722039245657
35.16291046142578,139.6070556640625,17.046,26.8,1722039247693
35.162899017333984,139.6070556640625,16.734,26.8,1722039249708
35.16288375854492,139.60704040527344,16.984,26.8,1722039251729
35.162872314453125,139.60704040527344,16.953,26.8,1722039253654
35.16285705566406,139.6070556640625,17.088,26.8,1722039255787
35.162841796875,139.6070556640625,17.181,26.8,1722039257707
35.1628303527832,139.6070556640625,16.89,26.8,1722039259741
35.162818908691406,139.6070556640625,16.89,26.8,1722039261667
35.16280746459961,139.60707092285156,16.859,26.8,1722039263746
35.16279602050781,139.60707092285156,17.046,26.8,1722039265723
35.162784576416016,139.60707092285156,16.953,26.8,1722039267663
35.16277313232422,139.60707092285156,16.9,26.8,1722039269696
35.16276550292969,139.6070556640625,16.848,26.8,1722039271716
35.16275405883789,139.6070556640625,16.744,26.8,1722039273746
35.162750244140625,139.60704040527344,16.932,26.8,1722039274755
35.16273498535156,139.60702514648438,16.9,26.8,1722039276672
35.16272735595703,139.60702514648438,17.015,26.8,1722039277687
35.1627197265625,139.60702514648438,16.776,26.8,1722039278704
35.16271209716797,139.6070098876953,17.14,27.0,1722039279743
35.162696838378906,139.6070098876953,16.848,27.0,1722039281750
35.162689208984375,139.60699462890625,16.734,27.0,1722039282751
35.16268539428711,139.6069793701172,16.9,27.0,1722039283668
35.16267395019531,139.60696411132812,16.89,26.8,1722039285681
35.16266632080078,139.60696411132812,16.807,26.8,1722039287707
35.16265869140625,139.60694885253906,16.755,26.8,1722039289719
35.16265106201172,139.60693359375,16.672,26.8,1722039291738
35.16264724731445,139.60691833496094,16.786,26.8,1722039293743
35.16264343261719,139.60691833496094,16.817,26.8,1722039296668
35.16263198852539,139.60690307617188,16.63,27.0,1722039305723
35.16263961791992,139.60690307617188,16.713,27.2,1722039339664
35.16265106201172,139.60690307617188,16.599,27.2,1722039359686
35.16265869140625,139.6068878173828,16.536,27.2,1722039366697
35.16266632080078,139.6068878173828,16.619,27.2,1722039374702
35.16267776489258,139.60687255859375,16.505,27.2,1722039379693
35.162689208984375,139.60687255859375,16.443,27.2,1722039387670
35.16270065307617,139.60687255859375,16.359,27.6,1722039530701
35.1627082824707,139.60687255859375,16.474,27.6,1722039534680
35.1627197265625,139.60687255859375,16.203,27.6,1722039539650
35.16272735595703,139.60687255859375,16.453,27.6,1722039607696
35.16273498535156,139.60687255859375,16.411,27.4,1722039715662
35.162742614746094,139.60687255859375,16.401,27.4,1722039943684
35.162750244140625,139.60687255859375,16.484,27.6,1722039950760
35.162750244140625,139.60687255859375,16.422,27.6,1722040014668
35.16275405883789,139.6068572998047,16.37,27.4,1722040019728
35.16276168823242,139.60684204101562,16.443,27.6,1722040050669
35.16276931762695,139.6068572998047,16.526,27.4,1722040056650
35.16277313232422,139.6068572998047,16.411,27.8,1722040147677
35.162757873535156,139.60682678222656,16.38,27.6,1722040223802
35.16246795654297,139.60650634765625,15.787,28.2,1722044398721
35.162437438964844,139.6065216064453,15.995,28.2,1722044399697
35.162437438964844,139.60655212402344,16.182,28.2,1722044400684
35.16244125366211,139.6065673828125,16.162,28.2,1722044403637
35.162445068359375,139.60658264160156,16.068,28.2,1722044405709
35.16244125366211,139.60659790039062,15.943,28.2,1722044407669
35.162437438964844,139.6066131591797,16.318,28.2,1722044415645
35.16243362426758,139.60659790039062,15.985,28.0,1722044430701
35.16244125366211,139.6066131591797,16.162,28.0,1722044445661
35.16244888305664,139.6066131591797,16.005,28.0,1722044449667
35.16245651245117,139.60662841796875,16.068,28.0,1722044452715
35.16246032714844,139.6066436767578,16.151,28.0,1722044455721
35.16246795654297,139.6066436767578,16.162,28.0,1722044458640
35.1624755859375,139.60665893554688,16.234,28.0,1722044462675
35.162479400634766,139.60667419433594,16.214,28.0,1722044465727
35.1624870300293,139.60667419433594,16.266,28.0,1722044468692
35.16249084472656,139.606689453125,16.13,28.0,1722044472730
35.16249465942383,139.60670471191406,16.297,28.0,1722044478655
35.16249084472656,139.60670471191406,16.203,28.0,1722044489705
35.16249465942383,139.60671997070312,16.13,28.2,1722044517731
35.162506103515625,139.60671997070312,16.172,28.2,1722044562748
35.162513732910156,139.6067352294922,16.339,28.2,1722044566696
35.162513732910156,139.60675048828125,16.536,28.2,1722044569699
35.16251754760742,139.6067657470703,16.276,28.0,1722044571671
35.16252899169922,139.6067657470703,16.11,28.0,1722044573668
35.16254425048828,139.6067657470703,16.276,28.0,1722044575645
35.16255569458008,139.60678100585938,16.567,28.0,1722044577731
35.16257095336914,139.6067657470703,16.619,28.0,1722044579631
35.16258239746094,139.60675048828125,16.11,28.0,1722044581638
35.16259002685547,139.60675048828125,16.026,28.0,1722044583704
35.16259765625,139.6067352294922,16.151,28.0,1722044584689
35.162593841552734,139.60671997070312,16.13,28.0,1722044585679
35.162601470947266,139.60670471191406,16.162,28.0,1722044592743
35.162593841552734,139.606689453125,15.953,28.0,1722044593715
35.16259765625,139.60667419433594,16.141,28.0,1722044594705
35.16260528564453,139.60665893554688,16.068,28.0,1722044596674
35.1626091003418,139.6066436767578,16.182,28.0,1722044597667
35.1626091003418,139.60662841796875,16.203,28.0,1722044598667
35.1626091003418,139.6066131591797,15.829,28.0,1722044599736
35.162601470947266,139.6066131591797,16.099,28.0,1722044600729
35.16259765625,139.60659790039062,15.953,28.0,1722044601698
35.162601470947266,139.6065673828125,16.058,27.8,1722044603658
35.16260528564453,139.60655212402344,15.849,27.8,1722044604635
35.162109375,139.6041259765625,17.431,32.0,1722052147004
35.162113189697266,139.60411071777344,17.327,31.4,1722052148614
35.16211700439453,139.60411071777344,17.088,31.2,1722052151701
35.16212463378906,139.60409545898438,17.254,30.6,1722052158670
35.1621208190918,139.6040802001953,17.098,28.6,1722052209641
35.1621208190918,139.60406494140625,17.234,28.4,1722052212612
35.162113189697266,139.6040496826172,17.338,28.4,1722052221727
35.162109375,139.60403442382812,17.306,28.2,1722052232613
35.16210174560547,139.6040496826172,17.431,28.2,1722052244602
35.16209030151367,139.60403442382812,17.296,28.0,1722052253630
35.16209030151367,139.60403442382812,17.213,28.0,1722052264692
35.162078857421875,139.60401916503906,17.223,28.0,1722052299670
35.162071228027344,139.60401916503906,17.317,28.0,1722052313720
35.16208267211914,139.60401916503906,17.41,28.0,1722052339667
35.162071228027344,139.60401916503906,17.317,27.8,1722052360606
35.16206359863281,139.60400390625,17.317,27.8,1722052374672
35.162052154541016,139.60400390625,17.379,27.6,1722052404679
35.16204833984375,139.60401916503906,17.442,27.6,1722052410742
35.162052154541016,139.60401916503906,17.265,27.6,1722052415691
35.162044525146484,139.60401916503906,17.473,27.6,1722052423691
35.16204071044922,139.60400390625,17.265,27.6,1722052430667
35.16204833984375,139.60400390625,17.4,27.6,1722052475697
35.16204071044922,139.60398864746094,17.379,27.6,1722052487632
35.16202926635742,139.60398864746094,17.452,27.6,1722052506742
35.16203689575195,139.60397338867188,17.41,27.6,1722052515657
35.16202926635742,139.60397338867188,17.317,27.6,1722052540616
35.16202163696289,139.60397338867188,17.4,27.6,1722052550697
35.16202926635742,139.60397338867188,17.306,27.6,1722052568623
35.16202163696289,139.60397338867188,17.41,27.6,1722052580678
35.162010192871094,139.60397338867188,17.338,27.4,1722052590680
35.16200637817383,139.60398864746094,17.473,27.4,1722052595616
35.16201400756836,139.60398864746094,17.348,27.4,1722052608636
35.162017822265625,139.60397338867188,17.338,27.4,1722052622660
35.162010192871094,139.60397338867188,17.338,27.4,1722052656678
35.16200256347656,139.60397338867188,17.671,27.4,1722052682632
35.16200256347656,139.60397338867188,17.494,27.4,1722052696654
35.162010192871094,139.60398864746094,17.317,27.4,1722052702634
35.16202163696289,139.60398864746094,17.462,27.4,1722052707688
35.16202926635742,139.60400390625,17.327,27.4,1722052712646
35.16203689575195,139.60401916503906,17.442,27.4,1722052718613
35.162044525146484,139.60401916503906,17.379,27.4,1722052724673
35.162052154541016,139.60403442382812,17.296,27.4,1722052730623
35.16206359863281,139.60403442382812,17.14,27.4,1722052733601
35.16206359863281,139.60401916503906,17.39,27.6,1722052745710
35.16205596923828,139.60401916503906,17.306,27.6,1722052752669
35.162044525146484,139.60400390625,17.483,27.6,1722052756693
35.16203689575195,139.60400390625,17.462,27.6,1722052760625
35.16202926635742,139.60398864746094,17.296,27.6,1722052762690
35.162025451660156,139.60397338867188,17.473,27.6,1722052768660
35.16202163696289,139.6039581298828,17.514,27.6,1722052772692
35.16201400756836,139.6039581298828,17.629,27.6,1722052781696
35.1619987487793,139.6039581298828,17.66,27.6,1722052794651
35.161991119384766,139.60394287109375,17.66,27.6,1722052797658
35.1619873046875,139.6039276123047,17.66,27.6,1722052800643
35.1619758605957,139.6039276123047,17.848,27.6,1722052806689
35.161964416503906,139.6039276123047,17.712,27.6,1722052809592
35.16195297241211,139.6039276123047,17.691,27.6,1722052813687
35.16194534301758,139.6039276123047,17.743,27.6,1722052814625
35.16193771362305,139.60394287109375,17.546,27.6,1722052815691
35.161930084228516,139.60394287109375,17.577,27.6,1722052816703
35.161922454833984,139.6039581298828,17.473,27.6,1722052817660
35.16191101074219,139.6039581298828,17.546,27.6,1722052819707
35.161895751953125,139.6039581298828,17.639,27.6,1722052820659
35.161888122558594,139.6039581298828,17.369,27.6,1722052821686
35.16188049316406,139.6039581298828,17.65,27.6,1722052822709
35.161869049072266,139.60394287109375,17.473,27.6,1722052823648
35.16185760498047,139.6039581298828,17.192,27.6,1722052824677
35.16184997558594,139.6039581298828,17.535,27.6,1722052825719
35.161834716796875,139.60397338867188,17.348,27.6,1722052827672
35.16181945800781,139.60398864746094,17.317,27.6,1722052829627
35.161808013916016,139.60398864746094,17.317,27.6,1722052830649
35.161800384521484,139.60400390625,17.119,27.6,1722052831671
35.16178512573242,139.60403442382812,17.244,27.6,1722052832693
35.16177749633789,139.60403442382812,17.088,27.6,1722052833618
35.16176986694336,139.6040496826172,17.171,27.6,1722052834634
35.16176223754883,139.6040496826172,16.796,27.6,1722052835647
35.1617546081543,139.60406494140625,17.129,27.6,1722052836654
35.161746978759766,139.6040802001953,16.88,27.6,1722052837674
35.16173553466797,139.60409545898438,16.984,27.6,1722052839713
35.16172409057617,139.60409545898438,17.234,27.6,1722052840669
35.161705017089844,139.60409545898438,16.859,27.6,1722052842649
35.16168975830078,139.60409545898438,16.869,27.6,1722052844672
35.161678314208984,139.60409545898438,16.682,27.6,1722052845674
35.16167068481445,139.60409545898438,16.64,27.6,1722052846691
35.161659240722656,139.60411071777344,16.672,27.6,1722052848685
35.16164779663086,139.60411071777344,16.599,27.6,1722052849694
35.16164016723633,139.6041259765625,16.703,27.6,1722052850719
35.16162872314453,139.60414123535156,16.536,27.6,1722052852616
35.16162109375,139.60415649414062,16.703,27.6,1722052853617
35.161617279052734,139.60415649414062,16.713,27.6,1722052854629
35.161617279052734,139.60418701171875,16.463,27.6,1722052856635
35.161624908447266,139.6042022705078,16.515,27.6,1722052864625
35.1616325378418,139.6042022705078,16.401,27.6,1722052866628
35.16164016723633,139.60421752929688,16.005,27.6,1722052868635
35.16164016723633,139.604248046875,16.214,27.6,1722052870690
35.161643981933594,139.604248046875,16.474,27.6,1722052872588
35.16165542602539,139.60426330566406,16.432,27.6,1722052874676
35.16165542602539,139.60427856445312,16.047,27.6,1722052876655
35.16166305541992,139.6042938232422,16.162,27.6,1722052878646
35.16166305541992,139.6043243408203,16.005,27.6,1722052880710
35.161659240722656,139.60433959960938,16.162,27.6,1722052882664
35.161659240722656,139.60435485839844,16.016,27.6,1722052884626
35.16166687011719,139.60435485839844,16.297,27.6,1722052885729
35.16167449951172,139.6043701171875,16.162,27.6,1722052886702
35.16168212890625,139.6043701171875,16.058,27.6,1722052887724
35.16169357299805,139.6043701171875,16.078,27.6,1722052895625
35.16170120239258,139.6043701171875,15.964,27.6,1722052898662
35.16169357299805,139.60438537597656,15.756,27.6,1722052906669
35.16169357299805,139.60440063476562,15.704,27.6,1722052908627
35.16169738769531,139.6044158935547,15.756,27.6,1722052909721
35.16169738769531,139.60443115234375,16.13,27.6,1722052910669
35.16169738769531,139.6044464111328,15.922,27.6,1722052912652
35.161705017089844,139.60447692871094,15.745,27.6,1722052915662
35.161712646484375,139.6044921875,15.87,27.6,1722052916642
35.16171646118164,139.60450744628906,15.589,27.6,1722052917604
35.161720275878906,139.60452270507812,15.548,27.6,1722052919638
35.16172790527344,139.6045379638672,15.568,27.6,1722052921660
35.16172790527344,139.60455322265625,15.735,27.6,1722052923685
35.16172790527344,139.6045684814453,15.6,27.6,1722052925624
35.16172790527344,139.60458374023438,15.672,27.6,1722052927650
35.16172790527344,139.60459899902344,15.589,27.6,1722052929664
35.161720275878906,139.6046142578125,15.433,27.6,1722052931702
35.161720275878906,139.60462951660156,15.641,27.6,1722052933631
35.161712646484375,139.6046600341797,15.506,27.6,1722052935644
35.16170883178711,139.6046600341797,15.464,27.6,1722052936634
35.16170120239258,139.60467529296875,15.36,27.6,1722052937661
35.16169738769531,139.6046905517578,15.61,27.6,1722052938727
35.16169738769531,139.60470581054688,15.62,27.6,1722052939688
35.16169738769531,139.60472106933594,15.444,27.6,1722052940655
35.16170120239258,139.604736328125,15.287,27.6,1722052942650
35.16170120239258,139.60475158691406,15.215,27.6,1722052943706
35.16169738769531,139.60476684570312,15.183,27.6,1722052944695
35.16169357299805,139.60476684570312,15.173,27.6,1722052945698
35.16169357299805,139.6047821044922,15.444,27.6,1722052947713
35.161685943603516,139.60479736328125,15.235,27.6,1722052948762
35.161678314208984,139.6048126220703,15.412,27.6,1722052950699
35.161678314208984,139.60482788085938,15.058,27.6,1722052951642
35.16167449951172,139.60482788085938,15.215,27.6,1722052952685
35.16166687011719,139.60484313964844,15.058,27.6,1722052954680
35.16166687011719,139.60487365722656,14.829,27.6,1722052956661
35.16166687011719,139.60488891601562,14.923,27.4,1722052958648
35.16166687011719,139.6049041748047,15.194,27.4,1722052959689
35.16166687011719,139.60491943359375,14.965,27.4,1722052960640
35.16166305541992,139.6049346923828,15.069,27.4,1722052962635
35.16165542602539,139.6049346923828,14.861,27.4,1722052965666
35.16164779663086,139.60494995117188,15.235,27.4,1722052967660
35.161643981933594,139.60496520996094,15.079,27.4,1722052969654
35.1616325378418,139.60498046875,14.986,27.4,1722052971653
35.16162872314453,139.60499572753906,14.965,27.4,1722052973647
35.16162109375,139.60501098632812,15.09,27.4,1722052975620
35.161617279052734,139.60501098632812,15.058,27.4,1722052976661
35.1616096496582,139.6050262451172,14.85,27.4,1722052977708
35.16160583496094,139.6050262451172,14.861,27.4,1722052978637
35.16160202026367,139.60504150390625,14.819,27.4,1722052980610
35.161598205566406,139.6050567626953,14.746,27.4,1722052982690
35.161590576171875,139.60507202148438,14.829,27.4,1722052984654
35.161582946777344,139.60507202148438,14.642,27.4,1722052986624
35.16157531738281,139.60507202148438,14.85,27.2,1722052999671
35.16156768798828,139.6051025390625,14.809,27.2,1722053015622
35.16156005859375,139.60508728027344,14.871,27.2,1722053019643
35.16154479980469,139.60508728027344,14.715,27.2,1722053021610
35.161529541015625,139.60507202148438,14.819,27.2,1722053023665
35.16152572631836,139.6050567626953,14.746,27.2,1722053024703
35.16151428222656,139.6050567626953,14.809,27.2,1722053027707
35.1614990234375,139.6050567626953,14.944,27.2,1722053028646
35.1614875793457,139.6050567626953,14.882,27.2,1722053030710
35.16147232055664,139.6050567626953,14.871,27.2,1722053031646
35.16146469116211,139.60504150390625,14.798,27.0,1722053036647
35.16146469116211,139.6050262451172,14.84,27.2,1722053041678
35.16145706176758,139.60501098632812,14.882,27.2,1722053056678
35.16144561767578,139.60501098632812,14.767,27.2,1722053059676
35.16144561767578,139.60499572753906,14.954,27.2,1722053062674
35.16145706176758,139.60498046875,14.923,27.2,1722053063620
35.16146469116211,139.60498046875,14.84,27.2,1722053069647
35.16145706176758,139.60496520996094,15.069,27.2,1722053073671
35.16144561767578,139.60498046875,15.225,27.2,1722053092629
35.16144561767578,139.60501098632812,15.048,27.2,1722053094611
35.16143798828125,139.60501098632812,14.882,27.2,1722053095650
35.16143798828125,139.6050262451172,15.017,27.2,1722053096687
35.161434173583984,139.60504150390625,15.006,27.2,1722053097634
35.16143035888672,139.6050567626953,15.017,27.2,1722053098692
35.16142654418945,139.6050567626953,14.829,27.2,1722053101625
35.16141128540039,139.6050567626953,15.048,27.2,1722053106690
35.161415100097656,139.60507202148438,14.902,27.2,1722053112663
35.16141128540039,139.60508728027344,14.84,27.2,1722053113672
35.161399841308594,139.6051025390625,14.819,27.2,1722053115644
35.1613883972168,139.60511779785156,14.975,27.2,1722053116685
35.161380767822266,139.60513305664062,14.944,27.2,1722053117714
35.161376953125,139.6051483154297,14.902,27.2,1722053118668
35.161373138427734,139.60516357421875,15.038,27.2,1722053119697
35.1613655090332,139.6051788330078,15.006,27.2,1722053120650
35.161354064941406,139.60519409179688,14.809,27.2,1722053121728
35.16134262084961,139.60520935058594,14.996,27.2,1722053122714
35.16133499145508,139.60520935058594,15.038,27.2,1722053123671
35.16132354736328,139.605224609375,14.829,27.2,1722053124704
35.16131591796875,139.605224609375,15.069,27.2,1722053128678
35.16130828857422,139.60523986816406,15.069,27.2,1722053129617
35.16130065917969,139.60525512695312,15.09,27.2,1722053130655
35.161285400390625,139.6052703857422,14.798,27.2,1722053132639
35.16128158569336,139.6052703857422,14.913,27.2,1722053133665
35.16127395629883,139.6053009033203,14.809,27.2,1722053135650
35.16127395629883,139.60531616210938,14.632,27.2,1722053138653
35.1612663269043,139.60531616210938,15.027,27.2,1722053145631
35.16127014160156,139.6053466796875,14.996,27.2,1722053147615
35.16127014160156,139.60536193847656,15.048,27.2,1722053148658
35.16127395629883,139.60536193847656,15.1,27.2,1722053150650
35.1612663269043,139.60537719726562,14.902,27.2,1722053157660
35.161258697509766,139.6053924560547,14.954,27.2,1722053159640
35.1612548828125,139.60540771484375,15.152,27.2,1722053160713
35.16123962402344,139.6054229736328,15.017,27.2,1722053162676
35.16122817993164,139.60543823242188,14.954,27.2,1722053165611
35.161216735839844,139.6054229736328,15.173,27.2,1722053171654
35.16120910644531,139.6054229736328,15.006,27.4,1722053196695
35.161197662353516,139.60540771484375,14.986,27.4,1722053198700
35.161190032958984,139.60540771484375,15.131,27.4,1722053200682
35.16117858886719,139.60540771484375,15.225,27.4,1722053204667
35.161163330078125,139.60540771484375,15.1,27.4,1722053207708
35.16114807128906,139.6053924560547,15.142,27.4,1722053210656
35.161128997802734,139.60537719726562,15.183,27.4,1722053213677
35.1611213684082,139.60537719726562,15.267,27.4,1722053216622
35.161109924316406,139.60537719726562,15.11,27.4,1722053221659
35.161102294921875,139.6053924560547,15.391,27.2,1722053222703
35.16109085083008,139.60540771484375,15.319,27.2,1722053224618
35.16108703613281,139.6054229736328,15.339,27.2,1722053225700
35.16108703613281,139.60543823242188,15.36,27.2,1722053226727
35.16107940673828,139.60543823242188,15.215,27.2,1722053227684
35.16106414794922,139.60545349121094,15.267,27.4,1722053229680
35.16105270385742,139.60545349121094,15.464,27.2,1722053231678
35.16104507446289,139.60546875,15.225,27.2,1722053233684
35.161033630371094,139.60546875,15.672,27.2,1722053235709
35.16102981567383,139.60548400878906,15.579,27.2,1722053237636
35.16102600097656,139.60549926757812,15.131,27.2,1722053239645
35.16102600097656,139.6055145263672,15.267,27.2,1722053241664
35.16102600097656,139.60552978515625,15.308,27.2,1722053242703
35.16102600097656,139.6055450439453,15.527,27.2,1722053244642
35.16102600097656,139.60556030273438,15.964,27.2,1722053246671
35.16102981567383,139.60557556152344,15.485,27.2,1722053249672
35.16102981567383,139.6055908203125,15.568,27.2,1722053252682
35.16102600097656,139.60560607910156,15.506,27.2,1722053254687
35.16101837158203,139.60562133789062,15.631,27.2,1722053256650
35.1610107421875,139.60562133789062,15.589,27.2,1722053257693
35.16100311279297,139.6056365966797,15.641,27.2,1722053258655
35.1609992980957,139.6056365966797,15.766,27.2,1722053259636
35.160987854003906,139.60565185546875,15.631,27.0,1722053261668
35.16098403930664,139.6056671142578,15.589,27.0,1722053263720
35.160980224609375,139.60569763183594,15.641,27.0,1722053265652
35.16097640991211,139.60569763183594,15.787,27.0,1722053266620
35.160980224609375,139.605712890625,15.829,27.0,1722053267687
35.16097640991211,139.60572814941406,15.672,27.0,1722053268663
35.16097640991211,139.60574340820312,15.891,27.0,1722053269637
35.160972595214844,139.6057586669922,15.485,27.0,1722053270604
35.16096496582031,139.60577392578125,15.922,27.0,1722053271688
35.160953521728516,139.6057891845703,15.61,27.0,1722053273619
35.160945892333984,139.6057891845703,15.891,27.0,1722053275672
35.16094207763672,139.60580444335938,15.87,27.0,1722053277624
35.16093826293945,139.60581970214844,15.672,27.0,1722053279679
35.16093444824219,139.6058349609375,15.86,27.0,1722053280663
35.16093063354492,139.60585021972656,15.953,27.0,1722053281676
35.16093063354492,139.60586547851562,15.953,27.2,1722053283686
35.16093063354492,139.6058807373047,15.86,27.2,1722053285680
35.160926818847656,139.60589599609375,16.026,27.2,1722053286635
35.160919189453125,139.6059112548828,15.964,27.2,1722053288610
35.16091537475586,139.60592651367188,16.224,27.2,1722053290590
35.160911560058594,139.60594177246094,16.162,27.2,1722053292661
35.16090393066406,139.60595703125,16.203,27.2,1722053294641
35.1609001159668,139.60595703125,16.297,27.2,1722053296719
35.160892486572266,139.60597229003906,16.37,27.2,1722053298730
35.160892486572266,139.60598754882812,16.193,27.2,1722053300600
35.16089630126953,139.6060028076172,16.214,27.2,1722053302688
35.16089630126953,139.60601806640625,16.38,27.2,1722053304688
35.160892486572266,139.6060333251953,16.63,27.2,1722053307689
35.160892486572266,139.60604858398438,16.307,27.0,1722053310691
35.160892486572266,139.60606384277344,16.734,27.0,1722053312625
35.160892486572266,139.6060791015625,16.807,27.0,1722053315627
35.160892486572266,139.60609436035156,16.911,27.2,1722053318665
35.160892486572266,139.60610961914062,16.932,27.2,1722053319681
35.160888671875,139.6061248779297,16.786,27.2,1722053321614
35.160884857177734,139.60614013671875,16.88,27.2,1722053323653
35.160888671875,139.60617065429688,17.181,27.2,1722053325675
35.160888671875,139.60618591308594,16.984,27.2,1722053327613
35.160888671875,139.606201171875,16.89,27.2,1722053329648
35.160888671875,139.60621643066406,16.828,27.0,1722053331666
35.160888671875,139.60623168945312,16.713,27.2,1722053333685
35.160888671875,139.6062469482422,16.828,27.2,1722053335621
35.160884857177734,139.60626220703125,16.973,27.2,1722053337640
35.160884857177734,139.6062774658203,16.734,27.2,1722053339655
35.16088104248047,139.60629272460938,16.921,27.2,1722053341672
35.16088104248047,139.60630798339844,16.807,27.0,1722053343697
35.1608772277832,139.60633850097656,16.297,27.0,1722053345702
35.1608772277832,139.60635375976562,15.745,27.0,1722053347667
35.16087341308594,139.6063690185547,15.61,27.0,1722053349693
35.160865783691406,139.60638427734375,15.402,27.0,1722053351620
35.16086196899414,139.6063995361328,15.287,27.2,1722053354682
35.160858154296875,139.60641479492188,15.693,27.2,1722053356711
35.160858154296875,139.60643005371094,15.829,27.2,1722053358652
35.160850524902344,139.6064453125,15.319,27.2,1722053360703
35.160850524902344,139.60646057128906,14.996,27.2,1722053361637
35.16084671020508,139.60647583007812,14.819,27.2,1722053362662
35.16084671020508,139.6064910888672,14.798,27.2,1722053363716
35.16084289550781,139.60650634765625,14.601,27.2,1722053365658
35.16083908081055,139.60650634765625,14.32,27.2,1722053367612
35.16083908081055,139.6065216064453,14.07,27.2,1722053369635
35.16083526611328,139.60653686523438,13.778,27.2,1722053372633
35.160831451416016,139.60655212402344,13.601,27.2,1722053375606
35.160823822021484,139.6065673828125,13.601,27.2,1722053378659
35.16081619262695,139.6065673828125,13.092,27.2,1722053382672
35.16081237792969,139.60658264160156,13.32,27.2,1722053400613
35.16081237792969,139.6065673828125,13.445,27.2,1722053406637
35.16080856323242,139.60655212402344,13.601,27.2,1722053415637
35.16080093383789,139.60655212402344,13.674,27.2,1722053422693
35.160797119140625,139.60655212402344,13.778,27.2,1722053430679
35.16079330444336,139.60658264160156,13.768,27.2,1722053432664
35.16078567504883,139.60659790039062,13.445,27.2,1722053434648
35.16078186035156,139.6066131591797,13.383,27.2,1722053436605
35.1607780456543,139.60662841796875,13.445,27.2,1722053438661
35.16077423095703,139.6066436767578,13.633,27.2,1722053440620
35.160770416259766,139.60667419433594,13.57,27.2,1722053442675
35.1607666015625,139.60667419433594,13.789,27.2,1722053443672
35.160762786865234,139.606689453125,13.622,27.2,1722053445649
35.160762786865234,139.60670471191406,13.882,27.2,1722053447625
35.16075897216797,139.60671997070312,13.893,27.2,1722053449613
35.160762786865234,139.60675048828125,14.611,27.2,1722053451642
35.160770416259766,139.6067657470703,15.433,27.2,1722053453725
35.16077423095703,139.60678100585938,15.319,27.2,1722053455627
35.16078567504883,139.60678100585938,15.11,27.2,1722053457623
35.16079330444336,139.60679626464844,15.256,27.2,1722053459624
35.160804748535156,139.6068115234375,15.163,27.2,1722053462658
35.16081619262695,139.6068115234375,15.1,27.2,1722053464654
35.16082763671875,139.60682678222656,15.256,27.0,1722053466655
35.16084289550781,139.60682678222656,15.204,27.0,1722053468656
35.16086196899414,139.60682678222656,15.235,27.0,1722053470642
35.16086959838867,139.60682678222656,15.568,27.0,1722053471709
35.16088104248047,139.60682678222656,15.943,27.0,1722053472684
35.16089630126953,139.60682678222656,15.922,27.0,1722053474663
35.16090393066406,139.60682678222656,16.349,27.0,1722053475646
35.16092300415039,139.6068115234375,16.463,27.2,1722053477742
35.16093444824219,139.6068115234375,16.661,27.2,1722053478643
35.16094970703125,139.6068115234375,16.495,27.0,1722053480666
35.16096115112305,139.6068115234375,16.734,27.0,1722053481668
35.16096878051758,139.6068115234375,16.932,27.0,1722053482665
35.160980224609375,139.6068115234375,16.838,27.0,1722053484686
35.16099166870117,139.6068115234375,16.9,27.0,1722053486616
35.16100311279297,139.6068115234375,16.942,27.0,1722053488639
35.1610221862793,139.6068115234375,17.587,27.0,1722053490693
35.161033630371094,139.6068115234375,17.702,27.0,1722053491635
35.161041259765625,139.6068115234375,17.972,27.0,1722053492687
35.161048889160156,139.6068115234375,17.931,27.0,1722053493635
35.161067962646484,139.6068115234375,17.848,27.0,1722053495611
35.16107940673828,139.60682678222656,17.92,27.0,1722053496669
35.16108703613281,139.60682678222656,17.702,27.0,1722053497610
35.16109848022461,139.60682678222656,17.723,27.2,1722053498666
35.161109924316406,139.6068115234375,17.827,27.2,1722053499609
35.16111755371094,139.6068115234375,17.743,27.2,1722053500647
35.161128997802734,139.60682678222656,18.056,27.2,1722053501706
35.161136627197266,139.60682678222656,17.972,27.2,1722053502653
35.16114807128906,139.6068115234375,18.004,27.2,1722053503704
35.161163330078125,139.6068115234375,17.827,27.0,1722053505710
35.16117477416992,139.6068115234375,17.837,27.0,1722053506651
35.161190032958984,139.60682678222656,17.816,27.0,1722053508654
35.16120529174805,139.60682678222656,17.639,27.0,1722053510634
35.161224365234375,139.60682678222656,17.546,27.0,1722053512662
35.16123580932617,139.60682678222656,17.764,27.0,1722053514607
35.16124725341797,139.60684204101562,17.608,27.0,1722053516683
35.161258697509766,139.60684204101562,17.556,27.2,1722053518640
35.1612663269043,139.60684204101562,17.691,27.2,1722053520612
35.16127395629883,139.6068572998047,17.421,27.2,1722053522688
35.16128158569336,139.60687255859375,17.379,27.0,1722053524649
35.161285400390625,139.60690307617188,17.4,27.2,1722053526613
35.161293029785156,139.60690307617188,17.317,27.2,1722053528687
35.16130065917969,139.60691833496094,17.327,27.2,1722053530629
35.16130828857422,139.60693359375,17.369,27.2,1722053532705
35.16131591796875,139.60694885253906,17.254,27.2,1722053534653
35.16132354736328,139.60694885253906,17.036,27.2,1722053536615
35.16133499145508,139.60696411132812,17.223,27.0,1722053539682
35.161346435546875,139.60696411132812,17.181,27.0,1722053541618
35.16135787963867,139.60696411132812,17.129,27.0,1722053543661
35.16136932373047,139.6069793701172,17.14,27.0,1722053545693
35.161380767822266,139.6069793701172,16.838,27.2,1722053547627
35.16139221191406,139.60696411132812,16.828,27.2,1722053549653
35.16140365600586,139.60696411132812,16.88,27.2,1722053551680
35.16141891479492,139.60696411132812,16.994,27.2,1722053553625
35.16142654418945,139.60696411132812,17.088,27.2,1722053555660
35.161441802978516,139.60696411132812,16.89,27.2,1722053557680
35.16145324707031,139.60696411132812,16.838,27.2,1722053559699
35.161468505859375,139.60694885253906,16.869,27.2,1722053561617
35.16147994995117,139.60694885253906,17.025,27.2,1722053563636
35.161495208740234,139.60693359375,16.651,27.2,1722053565662
35.161502838134766,139.60693359375,16.953,27.2,1722053566687
35.1615104675293,139.60691833496094,16.672,27.2,1722053568692
35.161521911621094,139.60691833496094,16.453,27.2,1722053570699
35.16153335571289,139.60690307617188,16.661,27.2,1722053573620
35.16154861450195,139.6068878173828,16.64,27.0,1722053575642
35.16155242919922,139.6068878173828,16.557,27.0,1722053577676
35.161563873291016,139.60687255859375,16.505,27.0,1722053579643
35.16157150268555,139.60687255859375,16.245,27.0,1722053581640
35.16158676147461,139.60687255859375,16.182,27.0,1722053584603
35.161598205566406,139.60687255859375,16.328,27.0,1722053586681
35.1616096496582,139.6068878173828,16.328,27.0,1722053588701
35.16161346435547,139.60690307617188,16.182,27.0,1722053590662
35.16162109375,139.60690307617188,16.401,27.0,1722053592662
35.161624908447266,139.60691833496094,16.318,27.0,1722053594646
35.16162872314453,139.60693359375,16.162,27.0,1722053596723
35.16163635253906,139.60694885253906,15.953,27.0,1722053598697
35.161643981933594,139.60696411132812,15.735,27.0,1722053600634
35.16164779663086,139.60696411132812,15.381,27.0,1722053601702
35.16165542602539,139.6069793701172,14.829,27.0,1722053604692
35.16166305541992,139.60699462890625,14.34,27.0,1722053606623
35.16166687011719,139.6070098876953,13.768,27.0,1722053608718
35.16167068481445,139.60702514648438,13.31,27.0,1722053610689
35.16166687011719,139.60704040527344,12.967,27.2,1722053612705
35.16166687011719,139.6070556640625,13.144,27.2,1722053614639
35.16166687011719,139.60707092285156,13.029,27.2,1722053616651
35.16166687011719,139.60708618164062,13.008,27.2,1722053621629
35.161659240722656,139.60708618164062,12.446,27.2,1722053628643
35.161659240722656,139.6071014404297,11.655,27.2,1722053631624
35.16166687011719,139.60711669921875,11.114,27.2,1722053635697
35.161685943603516,139.60711669921875,9.251,27.2,1722053639614
35.16169738769531,139.60711669921875,9.178,27.2,1722053641626
35.161712646484375,139.6071014404297,9.054,27.2,1722053643655
35.161720275878906,139.6071014404297,8.429,27.2,1722053644640
35.16173553466797,139.60708618164062,8.554,27.2,1722053646670
35.1617431640625,139.60707092285156,8.481,27.2,1722053647669
35.1617546081543,139.60707092285156,8.315,27.0,1722053649686
35.16176223754883,139.6070556640625,8.564,27.0,1722053651646
35.161773681640625,139.6070556640625,8.44,27.0,1722053653681
35.16178894042969,139.60704040527344,8.929,27.0,1722053655666
35.16179656982422,139.60704040527344,9.564,27.0,1722053657630
35.161808013916016,139.60702514648438,9.834,27.0,1722053659640
35.16182327270508,139.60702514648438,10.427,27.0,1722053661608
35.16183090209961,139.60702514648438,10.75,27.0,1722053663623
35.16184616088867,139.6070098876953,10.885,27.0,1722053665662
35.161861419677734,139.6070098876953,11.333,27.0,1722053667639
35.161865234375,139.60702514648438,11.041,27.0,1722053668697
35.1618766784668,139.6070098876953,11.135,27.0,1722053670663
35.16188430786133,139.6070098876953,11.125,27.0,1722053672634
35.16189193725586,139.60699462890625,10.459,27.2,1722053675669
35.16189956665039,139.6069793701172,10.157,27.2,1722053677600
35.161903381347656,139.60696411132812,9.792,27.2,1722053680630
35.16191482543945,139.60696411132812,9.928,27.2,1722053682653
35.16191864013672,139.60694885253906,9.595,27.2,1722053685614
35.16191864013672,139.60693359375,9.459,27.2,1722053688639
35.16191482543945,139.60691833496094,9.834,27.2,1722053691629
35.16191482543945,139.60690307617188,10.084,27.2,1722053694655
35.161903381347656,139.60690307617188,10.157,27.2,1722053698712
35.16189956665039,139.6068878173828,10.427,27.2,1722053701681
35.16189956665039,139.60687255859375,10.729,27.0,1722053705609
35.16189193725586,139.60687255859375,11.697,27.0,1722053714679
35.16189193725586,139.6068572998047,12.467,27.0,1722053720689
35.16189193725586,139.60684204101562,12.654,27.0,1722053722638
35.16189193725586,139.60682678222656,12.665,27.0,1722053725655
35.16189193725586,139.6068115234375,12.946,27.0,1722053730702
35.161888122558594,139.6068115234375,12.915,27.0,1722053735645
35.16188049316406,139.60679626464844,12.665,27.0,1722053738674
35.16187286376953,139.60678100585938,12.634,27.0,1722053742678
35.161869049072266,139.60678100585938,12.675,27.0,1722053746645
35.161861419677734,139.6067657470703,12.665,27.0,1722053749676
35.1618537902832,139.60675048828125,12.998,27.0,1722053752634
35.16184616088867,139.60675048828125,13.248,27.0,1722053755629
35.161842346191406,139.6067352294922,13.196,27.0,1722053758704
35.161842346191406,139.60671997070312,13.373,27.0,1722053762667
35.16183853149414,139.60670471191406,13.279,27.0,1722053765677
35.16183853149414,139.60670471191406,13.581,27.0,1722053768603
35.161842346191406,139.606689453125,13.591,27.0,1722053770644
35.16183853149414,139.60667419433594,13.549,27.0,1722053773593
35.16183853149414,139.60667419433594,13.903,27.0,1722053776647
35.161834716796875,139.60665893554688,13.747,27.0,1722053780696
35.161827087402344,139.6066436767578,14.215,27.0,1722053786685
35.16183090209961,139.60662841796875,13.955,27.0,1722053794641
35.16183853149414,139.60662841796875,14.507,27.0,1722053801706
35.16184997558594,139.6066436767578,14.455,27.0,1722053803656
35.16185760498047,139.60665893554688,14.08,27.0,1722053806677
35.161861419677734,139.60665893554688,14.039,27.0,1722053807699
35.161865234375,139.60667419433594,13.945,27.0,1722053809677
35.16187286376953,139.606689453125,12.977,27.0,1722053811640
35.16188049316406,139.60670471191406,12.217,27.0,1722053813686
35.16188430786133,139.60671997070312,11.968,27.0,1722053815663
35.161895751953125,139.60671997070312,11.832,27.0,1722053817686
35.161903381347656,139.6067352294922,12.165,27.0,1722053819664
35.16191101074219,139.60675048828125,12.467,27.0,1722053821628
35.16191864013672,139.6067657470703,12.561,27.0,1722053823679
35.161922454833984,139.6067657470703,12.519,27.0,1722053825656
35.16192626953125,139.60678100585938,12.509,27.0,1722053827639
35.16193389892578,139.60679626464844,12.072,27.0,1722053829664
35.161949157714844,139.60682678222656,10.302,27.0,1722053833619
35.16195297241211,139.60684204101562,9.865,27.0,1722053835658
35.16196060180664,139.6068572998047,9.699,27.0,1722053837657
35.16196823120117,139.60687255859375,9.459,27.0,1722053839657
35.1619758605957,139.6068878173828,9.168,27.0,1722053841700
35.1619758605957,139.60690307617188,8.627,27.0,1722053844618
35.1619758605957,139.60690307617188,8.034,27.0,1722053846647
35.16197967529297,139.60691833496094,7.794,27.0,1722053848681
35.16197967529297,139.60693359375,7.961,27.0,1722053850649
35.161983489990234,139.60696411132812,7.95,27.0,1722053852670
35.161983489990234,139.6069793701172,7.878,27.0,1722053854632
35.161983489990234,139.6069793701172,7.867,27.0,1722053856667
35.1619873046875,139.60699462890625,7.898,27.0,1722053858694
35.1619873046875,139.6070098876953,8.315,27.0,1722053859672
35.161991119384766,139.60702514648438,8.138,27.0,1722053861638
35.16199493408203,139.60704040527344,8.356,27.0,1722053863596
35.16199493408203,139.6070556640625,8.429,27.0,1722053865630
35.16199493408203,139.60707092285156,8.377,27.0,1722053868643
35.16199493408203,139.60707092285156,8.606,27.0,1722053873619
35.1619873046875,139.60708618164062,8.658,27.0,1722053877653
35.16197967529297,139.6071014404297,8.096,27.0,1722053889664
35.16197204589844,139.60708618164062,7.409,27.0,1722053899669
35.161964416503906,139.60708618164062,8.45,27.2,1722053907657
35.16195297241211,139.60707092285156,8.939,27.2,1722053915620
35.161949157714844,139.60707092285156,9.293,27.2,1722053921694
35.16194534301758,139.6070556640625,9.73,27.2,1722053925647
35.16194534301758,139.60704040527344,10.063,27.2,1722053929620
35.16194152832031,139.60702514648438,10.063,27.2,1722053936629
35.16193389892578,139.6070098876953,10.479,27.2,1722053941672
35.16192626953125,139.60699462890625,10.542,27.2,1722053946599
35.161922454833984,139.60699462890625,10.708,27.2,1722053948678
35.16191482543945,139.6069793701172,10.885,27.2,1722053952644
35.16191101074219,139.60696411132812,10.989,27.2,1722053956636
35.16190719604492,139.60696411132812,11.51,27.2,1722053960711
35.16189956665039,139.60694885253906,11.863,27.2,1722053964630
35.16189193725586,139.60694885253906,12.301,27.2,1722053970635
35.16188049316406,139.60693359375,12.706,27.2,1722053974687
35.1618766784668,139.60691833496094,12.696,27.2,1722053977716
35.161869049072266,139.60691833496094,12.8,27.2,1722053985659
35.161865234375,139.60690307617188,13.071,27.2,1722053991687
35.161861419677734,139.6068878173828,13.373,27.2,1722053995670
35.16185760498047,139.60687255859375,13.716,27.2,1722054001644
35.16185760498047,139.60687255859375,13.789,27.2,1722054010681
35.161869049072266,139.60687255859375,12.779,27.2,1722054014663
35.1618766784668,139.6068878173828,12.363,27.2,1722054016649
35.161888122558594,139.60690307617188,11.957,27.2,1722054018651
35.161895751953125,139.60691833496094,11.437,27.2,1722054020696
35.16191101074219,139.60691833496094,10.531,27.2,1722054022657
35.161922454833984,139.60693359375,10.198,27.2,1722054024654
35.16193389892578,139.60693359375,9.605,27.2,1722054026685
35.161949157714844,139.60693359375,8.669,27.2,1722054028622
35.16196060180664,139.60693359375,7.888,27.0,1722054030652
35.1619758605957,139.60694885253906,7.898,27.0,1722054032615
35.1619873046875,139.60694885253906,7.638,27.0,1722054033665
35.1619987487793,139.60694885253906,7.316,27.0,1722054035628
35.16200637817383,139.60694885253906,7.003,27.2,1722054036688
35.16203689575195,139.60696411132812,5.442,27.0,1722054040655
35.162052154541016,139.60696411132812,4.756,27.0,1722054043673
35.16206359863281,139.6069793701172,4.849,27.0,1722054044649
35.16207504272461,139.6069793701172,4.995,27.0,1722054045695
35.16209030151367,139.6069793701172,4.943,27.0,1722054047657
35.16210174560547,139.6069793701172,5.38,27.0,1722054049617
35.162109375,139.6069793701172,5.505,27.0,1722054050682
35.16211700439453,139.60699462890625,5.796,27.0,1722054051648
35.16212463378906,139.60699462890625,5.703,27.0,1722054052678
35.16213607788086,139.6070098876953,6.15,27.2,1722054054661
35.16214370727539,139.60702514648438,6.129,27.2,1722054056635
35.16215515136719,139.60704040527344,6.462,27.2,1722054058656
35.16216278076172,139.6070556640625,6.639,27.0,1722054060613
35.162166595458984,139.6070556640625,6.774,27.2,1722054064672
35.16217041015625,139.60707092285156,6.618,27.2,1722054067612
35.16217041015625,139.60708618164062,9.574,27.2,1722054074646
35.16216278076172,139.60708618164062,9.126,27.2,1722054081624
35.16215133666992,139.60708618164062,8.648,27.2,1722054086670
35.16214370727539,139.60708618164062,7.066,27.2,1722054094659
35.162132263183594,139.60708618164062,6.525,27.4,1722054099625
35.16212463378906,139.60707092285156,6.015,27.4,1722054106618
35.16211700439453,139.60707092285156,5.651,27.4,1722054115647
35.162113189697266,139.6070556640625,5.307,27.4,1722054120648
35.162109375,139.60704040527344,5.13,27.4,1722054122687
35.162105560302734,139.60702514648438,5.036,27.4,1722054123627
35.16210174560547,139.60702514648438,5.109,27.4,1722054139665
35.16209411621094,139.6070098876953,5.713,27.4,1722054141621
35.162078857421875,139.60699462890625,8.929,27.4,1722054148693
35.162071228027344,139.6069793701172,9.303,27.4,1722054150629
35.16206741333008,139.6069793701172,10.438,27.4,1722054155646
35.16206359863281,139.60696411132812,10.979,27.4,1722054159627
35.16205596923828,139.60694885253906,11.156,27.4,1722054161759
35.162052154541016,139.60693359375,11.676,27.4,1722054165639
35.162044525146484,139.60693359375,11.791,27.4,1722054167671
35.16204071044922,139.60691833496094,11.697,27.4,1722054172645
35.16203308105469,139.60690307617188,11.499,27.4,1722054175642
35.16203308105469,139.60690307617188,11.718,27.4,1722054182599
35.16203308105469,139.6068878173828,11.333,27.4,1722054186673
35.162025451660156,139.60690307617188,10.563,27.4,1722054190660
35.16202163696289,139.60691833496094,10.687,27.4,1722054192659
35.162010192871094,139.60693359375,8.471,27.4,1722054196639
35.16200637817383,139.60694885253906,8.075,27.4,1722054198666
35.1619987487793,139.6069793701172,7.95,27.4,1722054200629
35.161991119384766,139.6069793701172,7.628,27.4,1722054202674
35.161983489990234,139.60699462890625,7.69,27.4,1722054204642
35.1619758605957,139.6070098876953,8.419,27.4,1722054206653
35.16197204589844,139.60702514648438,8.866,27.4,1722054208636
35.16196823120117,139.60704040527344,9.012,27.4,1722054209640
35.16196823120117,139.6070556640625,9.137,27.4,1722054211640
35.1619758605957,139.60707092285156,8.388,27.4,1722054214677
35.161983489990234,139.60708618164062,7.898,27.4,1722054216638
35.16199493408203,139.60708618164062,8.492,27.4,1722054218671
35.16200637817383,139.60708618164062,8.773,27.4,1722054220636
35.162017822265625,139.60708618164062,8.741,27.2,1722054222631
35.16202926635742,139.60707092285156,8.741,27.2,1722054223641
35.16206359863281,139.60708618164062,5.598,27.2,1722054229645
35.16207504272461,139.60708618164062,5.619,27.2,1722054230630
35.16208267211914,139.6071014404297,5.755,27.2,1722054231646
35.16209030151367,139.6071014404297,5.859,27.2,1722054232664
35.16209411621094,139.60711669921875,6.15,27.2,1722054233641
35.1620979309082,139.6071319580078,6.577,27.2,1722054234632
35.16210174560547,139.60714721679688,6.66,27.2,1722054236658
35.162109375,139.60716247558594,6.962,27.2,1722054238691
35.162113189697266,139.607177734375,7.513,27.2,1722054240649
35.16211700439453,139.60719299316406,7.867,27.2,1722054242726
35.16212844848633,139.6072235107422,9.512,27.2,1722054246668
35.162132263183594,139.60723876953125,9.626,27.2,1722054248654
35.162139892578125,139.6072540283203,9.678,27.2,1722054249632
35.16214370727539,139.60726928710938,9.803,27.2,1722054251659
35.162147521972656,139.60726928710938,10.011,27.2,1722054252637
35.16215515136719,139.60728454589844,10.042,27.2,1722054254681
35.16216278076172,139.6072998046875,10.188,27.2,1722054257644
35.162166595458984,139.60731506347656,10.313,27.2,1722054259630
35.16217041015625,139.60733032226562,10.594,27.2,1722054260632
35.16217041015625,139.6073455810547,10.885,27.2,1722054261633
35.16217803955078,139.60736083984375,10.968,27.2,1722054263660
35.16218185424805,139.6073760986328,10.646,27.0,1722054265686
35.16218185424805,139.60739135742188,10.178,27.0,1722054267678
35.16218566894531,139.60740661621094,10.053,27.0,1722054269679
35.16218566894531,139.607421875,10.001,27.0,1722054270648
35.16218948364258,139.60743713378906,9.792,27.0,1722054271631
35.162193298339844,139.60745239257812,9.72,27.0,1722054272687
35.16221618652344,139.6074981689453,13.164,27.2,1722054278614
35.16222381591797,139.60751342773438,13.955,27.0,1722054280666
35.16223907470703,139.60751342773438,14.673,27.2,1722054282659
35.16225051879883,139.60752868652344,14.559,27.2,1722054284653
35.16226577758789,139.60752868652344,14.268,27.2,1722054286605
35.16227340698242,139.60752868652344,13.924,27.2,1722054288618
35.162288665771484,139.60751342773438,13.737,27.2,1722054290612
35.16230392456055,139.60751342773438,13.778,27.0,1722054292690
35.162315368652344,139.60751342773438,13.758,27.0,1722054294681
35.162322998046875,139.60752868652344,13.695,27.0,1722054296664
35.162330627441406,139.60752868652344,13.737,27.0,1722054298635
35.1623420715332,139.6075439453125,13.934,27.2,1722054301683
